2876 4378
480 329 559 378 oar.
582 330 638 390 3-4,
663 330 678 391 i
701 329 771 382 7-10.
1134 316 1198 384 559

97 499 212 565 scendi
250 522 352 566 causa
390 508 530 565 matrem
569 502 765 579 necavisset,
799 503 934 569 variatis
974 501 1148 568 hominum
1171 520 1199 564 aa

3 670 12 689 η
97 606 273 670 sententiis
299 627 366 669 non
389 606 497 670 solum
526 605 651 681 divina,
668 607 727 670 sed
754 608 855 671 etiam
883 608 1145 690 sapientissimae

1 698 13 800 J
98 710 177 774 deae
208 710 377 774 sententia
404 709 592 774 liberatum.
640 710 771 788 Quodsi
803 710 979 776 duodecim
1012 710 1177 778 tabulae9

97 822 301 878 nocturnum
317 811 426 878 iurem
444 835 581 899 quoquc
606 814 714 890 modo,
732 815 892 879 diurnum
915 825 1039 890 autem,
1057 817 1085 880 si
1109 839 1145 880 se

1 988 4 994 ,
21 1001 23 1010 Ι
97 918 166 983 telo
182 917 389 994 defenderet,
401 917 546 982 interfici
562 919 688 1002 inpune
707 920 897 995 voluerunt,
910 921 985 1003 quis
1003 927 1064 995 est,
1076 922 1145 1004 qui,

97 1043 234 1107 quoquc
262 1021 361 1086 modo
388 1022 465 1106 quis
493 1021 692 1086 interfectus
712 1025 775 1099 sit,
801 1023 1009 1107 puniendum
1040 1031 1146 1108 putet,
1171 1041 1199 1086 3ο

9 1198 19 1215 ἱ
97 1148 173 1190 cum
190 1125 305 1190 videat
320 1125 503 1210 aliquando
519 1125 669 1212 gladium
688 1127 782 1191 nobis
806 1127 848 1190 ad
873 1128 1040 1192 hominem
1065 1129 1147 1192 occi-

6 1224 20 1291 ³?
97 1228 244 1293 dandum
268 1229 310 1293 ab
336 1230 417 1313 ipsis
442 1230 567 1314 porrigi
592 1230 747 1315 legibus?
798 1248 844 1293 lv.
880 1231 997 1314 Atqui,
1015 1232 1042 1294 si
1068 1240 1147 1296 tem-

0 1316 14 1429 '3
97 1355 159 1417 pus
176 1341 226 1397 est
243 1333 350 1396 ullum
374 1334 445 1397 iure
470 1332 613 1396 hominis
639 1334 789 1408 necandi,
807 1356 894 1418 quae
921 1335 1027 1398 multa
1054 1343 1144 1411 sunt,

96 1445 186 1501 certe
205 1436 290 1500 illud
306 1445 440 1501 estnon
457 1437 555 1501 modo
579 1437 718 1511 iustum,
737 1460 853 1503 verum
877 1440 975 1502 etiarn
1002 1461 1147 1504 necessa-

96 1542 194 1615 rium,
220 1561 295 1605 cum
323 1541 357 1604 vi
385 1541 436 1606 vis
464 1541 558 1604 illata
585 1540 791 1605 defenditur.
840 1542 1040 1606 Pudicitiam
1068 1566 1144 1606 cum

6 1631 14 1732 s
95 1645 238 1728 eriperet
265 1644 365 1707 militi
393 1644 549 1708 tribunus
577 1645 730 1709 militaris
757 1647 791 1709 in
815 1647 967 1711 exercitu
985 1647 1023 1710 C.
1049 1647 1146 1722 Mari,
1169 1663 1184 1706 s

94 1749 306 1833 propinquus
342 1749 413 1813 eius
452 1750 669 1834 imperatoris,
702 1749 902 1815 interiectus
941 1750 983 1814 ab
1012 1772 1053 1814 eo
1084 1759 1144 1826 est,

94 1854 151 1918 cui
181 1853 250 1917 vim
281 1851 452 1918 afferebat.
514 1853 636 1920 Facere
669 1855 758 1918 enim
788 1853 911 1939 probus
947 1853 1144 1920 adulescens

1 1971 7 1977 '
94 1957 279 2043 periculose
297 1978 397 2042 quam
414 1957 544 2042 perpeti
569 1959 715 2042 turpiter
738 1959 867 2023 maluit.
914 1959 1030 2042 Atque
1055 1959 1144 2024 hunc

94 2062 151 2125 ille
182 2083 332 2126 summus
364 2063 415 2126 vir
446 2062 569 2128 scelere
609 2063 761 2128 solutum
799 2063 948 2147 periculo
981 2063 1184 2127 liberavits

1 2239 5 2257 ‚
95 2165 288 2230 Insidiatori
310 2187 389 2229 vero
412 2173 447 2231 et
474 2167 596 2232 latroni
626 2189 712 2252 quae
740 2175 853 2252 potest
880 2166 993 2232 inferri
1025 2168 1148 2230 iniusta
1162 2171 1199 2232 10

95 2269 187 2338 nex?
235 2269 326 2347 Quid
343 2271 521 2334 comitatus
539 2273 655 2348 nostri,
673 2271 756 2357 quid
771 2270 875 2358 gladii
893 2271 1037 2335 volunt?
1060 2293 1145 2355 qnos

94 2372 215 2438 habere
232 2380 321 2437 certe
338 2394 404 2436 non
422 2373 546 2450 liceret,
561 2376 590 2439 si
606 2376 659 2440 uti
684 2376 750 2440 illis
774 2376 869 2439 nulio
893 2383 992 2458 pacto
1017 2375 1142 2440 liceret.

1 2459 6 2504 ³
94 2477 159 2540 Est
174 2477 279 2562 igitur
294 2476 386 2552 haec,
404 2476 542 2554 iudices,
561 2501 628 2543 non
645 2481 778 2564 scripta,
792 2478 851 2544 sed
868 2486 946 2543 nata
962 2479 1143 2563 iex,quan1

93 2603 163 2646 non
175 2579 362 2657 didicimus,
374 2583 573 2666 accepimus,
583 2584 737 2669 legimus,
750 2605 867 2648 verum
881 2605 924 2647 ex
937 2591 1057 2646 natura
1073 2584 1144 2667 ipsa

94 2787 172 2837 nized
193 2786 227 2848 by
245 2785 345 2836 Sulla's
368 2786 427 2847 law,
448 2787 537 2836 which
558 2788 612 2836 for·
634 2789 701 2837 This
714 2803 768 2837 was
780 2803 796 2837 a
808 2789 886 2838 stock
901 2787 1026 2850 example
1038 2787 1067 2836 ci
1084 2787 1146 2836 seli-

94 2864 162 2912 bade
173 2865 222 2912 the
233 2864 357 2925 carrying
373 2864 403 2912 oi
422 2877 547 2924 weapons
561 2863 611 2922 for
633 2865 753 2924 detence,
780 2863 900 2913 familiar
925 2871 953 2913 to
980 2863 1016 2912 all
1040 2864 1144 2912 Roman

95 2941 139 2988 the
148 2952 268 2999 purpose
280 2940 309 2988 oi
322 2939 418 3001 killing
429 2954 445 2987 a
458 2953 530 2988 man.
633 2940 742 3002 lawyers
760 2941 813 2989 and
831 2941 923 3001 jurias.
959 2939 1075 2989 Facere
1092 2976 1097 2988 .
1115 2975 1120 2986 .
1139 2976 1144 2987 .

127 3015 176 3076 §a
196 3013 299 3070 ama
320 3013 488 3064 duodecim
522 3014 611 3063 tabu·
631 3016 748 3073 maluit,
785 3017 844 3065 ‘ior
875 3017 922 3065 the
956 3015 1144 3077 pure-minded

95 3091 157 3140 lae:
175 3105 219 3139 see
236 3104 272 3139 on
289 3091 359 3140 Mur.
376 3090 422 3138 25.
438 3093 481 3152 203
501 3091 610 3153 Creigh-
631 3106 722 3154 young
737 3105 801 3142 man
824 3092 960 3155 preferred
983 3099 1012 3141 to
1034 3092 1146 3141 commit

95 3174 154 3226 ton,
178 3180 203 3228 p.
224 3168 267 3228 163
290 3166 380 3228 Allan,
399 3182 425 3229 p.
444 3168 490 3228 60;
510 3168 608 3230 Myers‚
631 3170 814 3232 adangerous
837 3174 882 3218 set
900 3168 966 3230 (ie,
990 3168 1088 3231 killing
1109 3181 1144 3217 an

96 3258 121 3305 p.
147 3242 190 3302 273
207 3242 330 3304 Pennell‚
356 3257 381 3305 p.
407 3245 446 3293 26.
482 3256 610 3304 quoquo
632 3245 731 3305 officer)
756 3252 785 3294 to
812 3245 974 3308 subruitting
1000 3251 1029 3295 to
1055 3259 1071 3293 a
1093 3245 1146 3294 dis-

96 3318 310 3374 m0d0‚‘under
317 3333 370 3382 any
378 3319 607 3381 circumstances‚’
631 3321 750 3384 graceiui
763 3322 834 3372 one’
1155 3380 1162 3394 ‚

100 3397 152 3444 ‘no
175 3400 274 3444 matter
296 3395 376 3457 how,’
397 3396 610 3455 i.e.,the1nere
662 3400 726 3459 510.
746 3398 847 3446 11-14.
865 3399 991 3447 volunt:
1016 3412 1051 3448 sc.
1082 3399 1143 3459 sibi,

97 3471 153 3519 fect
177 3469 236 3518 that
259 3470 305 3519 the
328 3471 399 3520 thief
425 3484 479 3520 was
502 3477 559 3520 met
581 3477 610 3520 at
633 3474 755 3524 ‘meam’
781 3475 816 3524 ci.
842 3476 881 3525 11.
906 3474 952 3523 23.
975 3476 1015 3524 32.
1052 3486 1145 3536 quam

97 3547 176 3608 night
198 3559 265 3606 gave
282 3560 335 3609 any
353 3561 405 3597 one
422 3549 468 3598 the
486 3547 558 3610 right
582 3555 610 3598 to
630 3564 700 3607 non,
724 3557 785 3611 ete,
808 3551 914 3602 ‘which
939 3565 978 3600 we
1004 3553 1073 3600 have
1096 3554 1145 3599 not

97 3622 225 3671 killhim.
631 3627 748 3686 learned,
775 3628 895 3676 received
920 3625 966 3689 (by
989 3625 1142 3687 tradition),

631 3703 693 3750 read
707 3701 748 3762 (in
767 3701 873 3762 books),
888 3702 937 3750 bnt
956 3702 1024 3750 have
1044 3701 1144 3764 caught

129 3775 191 3824 4-8.
209 3774 399 3823 Pudicitiam
422 3811 428 3821 .
452 3810 457 3822 .
480 3811 486 3822 .
509 3775 608 3833 militi,
630 3779 701 3826 from
736 3777 839 3826 Nature
873 3776 982 3836 herself,
1016 3776 1142 3838 imbibed,

99 3850 184 3908 ‘tried
218 3856 246 3904 to
279 3851 410 3902 dishonor
440 3865 456 3902 a
489 3850 605 3906 soldiet.'
631 3854 756 3920 wrcught
773 3858 834 3906 out:
857 3867 897 3905 we
913 3853 983 3905 have
1005 3858 1054 3906 not
1075 3853 1145 3905 been
