2936 4376
516 322 596 373 cnr.
621 323 677 384 aa,
700 321 714 383 s
737 320 807 372 r-ro.
1170 306 1232 368 289

135 497 206 560 vita
247 493 506 560 misericordiam
548 495 790 578 lenitatemque
828 490 1006 558 desiderat.
1068 488 1222 570 Quare9

135 600 219 664 nihil
249 608 310 675 est,
343 598 434 684 quod
465 620 507 664 ex
535 603 630 662 tanto
657 598 820 662 comitatu
843 597 992 662 virorum
1023 593 1183 680 amplissi·
1206 610 1233 655 rs

134 725 266 768 morum
276 725 327 768 me
341 724 447 767 unum
463 700 654 776 abstrahss3
671 700 814 786 simplex
831 698 977 766 officium
994 706 1097 784 atque
1114 719 1180 763 una

135 809 297 872 bonorum
334 814 386 872 est
424 807 574 870 omnium
605 825 714 870 eausa.
769 803 863 868 Nihil
900 803 974 879 erit,
1005 801 1097 889 quod
1127 801 1181 866 ad·

134 915 252 978 mirere
284 911 432 997 posthac,
455 912 484 975 si
514 912 549 974 in
581 931 621 974 ea
650 917 753 996 parte,
777 910 811 972 in
843 929 911 993 qua
940 908 1000 974 hos
1030 909 1179 972 animum

134 1017 328 1092 adverteris,
346 1037 397 1080 me
422 1013 561 1080 videbis.
610 1013 713 1078 Nulla
735 1020 787 1078 est
810 1014 900 1078 enim
926 1014 962 1078 in
989 1033 1023 1078 re
1047 1011 1180 1097 publice

134 1143 209 1186 mea
231 1142 331 1186 causa
360 1121 513 1206 propria;
546 1129 678 1203 ternpus
709 1116 832 1203 egendi
863 1116 931 1182 fuit
961 1116 1043 1180 mihi
1075 1116 1180 1204 magis
1203 1130 1234 1178 au

134 1227 307 1311 proprium
343 1246 445 1311 quam
482 1225 612 1301 ceteris,
644 1223 768 1289 doloris
807 1245 887 1288 vero
920 1231 956 1288 et
986 1222 1115 1286 timoris
1145 1229 1181 1286 et

133 1330 277 1415 periculi
292 1328 360 1393 fuit
371 1329 429 1392 ille
445 1349 545 1393 causa
561 1328 766 1404 communis3
792 1348 901 1414 neque
917 1328 1007 1392 enim
1019 1348 1082 1414 ego
1098 1334 1179 1390 tunc

134 1436 288 1520 princeps
305 1432 506 1498 adsalutem
522 1453 594 1498 esse
611 1432 806 1517 potuissem,
823 1433 938 1496 siesse
962 1431 1019 1495 alii
1042 1431 1180 1496 comites

133 1539 331 1602 noluissent.
390 1536 502 1617 Quare
542 1557 676 1601 necesse
714 1542 775 1612 est,
807 1533 899 1620 quod
938 1534 1019 1598 mihi
1050 1534 1180 1599 consuli

133 1643 350 1728 praecipuum
381 1641 449 1705 iuit
483 1648 614 1727 prester
650 1640 743 1716 alios,
776 1638 811 1704 id
842 1640 907 1702 iam
939 1640 1071 1724 privato
1103 1660 1180 1702 cum
1203 1653 1233 1700 aa

134 1747 252 1811 ceteris
291 1766 363 1810 esse
394 1766 580 1809 commune.
636 1743 755 1828 Neque
787 1765 850 1830 ego
888 1743 950 1807 hoc
987 1741 1179 1828 partiendae

135 1849 291 1926 invidiae,
321 1846 382 1913 sed
418 1847 714 1914 communicandae
752 1847 863 1912 laudis
902 1867 1002 1912 causa
1039 1846 1179 1931 loquor;

136 1954 243 2018 oneris
282 1953 347 2017 mei
388 1961 515 2038 partem
554 1952 679 2017 nemini
718 1952 883 2036 impertio,
922 1950 1047 2037 gloriae
1085 1949 1180 2016 bonis

134 2056 298 2123 omnibus.
346 2056 408 2120 ‘In
425 2057 632 2120 Autronium
649 2057 879 2121 testimonium
892 2053 1031 2130 dixisti:
1049 2053 1234 2138 inquit310

134 2161 284 2227 ‘Sullam
300 2135 502 2225 defendis).
525 2160 600 2225 Hoc
624 2168 735 2225 totum
759 2158 941 2224 eiusmodi
964 2166 1026 2235 est,
1043 2157 1181 2234 iudices,
1204 2172 1234 2219 so

133 2274 183 2343 ut,
200 2267 229 2329 si
245 2288 309 2352 ego
324 2287 399 2329 sum
415 2266 608 2328 inconstans
625 2284 663 2329 ac
681 2264 777 2339 levis,
794 2284 855 2328 nec
871 2263 1065 2328 testimonio
1080 2261 1179 2326 fidem

132 2370 238 2436 tribui
261 2371 456 2436 convenerit
479 2391 539 2435 nec
563 2367 751 2434 defensioni
774 2369 1032 2443 auctoritatem
1059 2367 1112 2432 sin
1128 2376 1181 2432 est

131 2477 169 2540 in
185 2495 238 2538 me
255 2475 339 2538 ratio
360 2474 407 2538 rei
431 2473 595 2559 publicae,
612 2473 731 2560 religio
753 2473 877 2558 privati
900 2470 1011 2548 officii,
1027 2470 1177 2535 studium

133 2703 223 2738 nonus
247 2689 318 2738 refer
345 2687 521 2750 respectively
542 2693 571 2738 to
599 2689 646 2736 tho
669 2693 719 2737 etc.
751 2686 855 2737 ‘There
864 2688 930 2737 isno
942 2685 1061 2749 political
1072 2687 1183 2737 circum-

134 2779 208 2814 ruore
231 2765 380 2826 important
408 2765 590 2813 substantives
618 2764 646 2812 in
669 2769 762 2814 stence
774 2764 863 2812 which
876 2763 898 2812 is
910 2763 1074 2824 exclusively
1087 2761 1179 2811 mine!

135 2839 645 2903 oachoitheprecedinggroupsoftwo.
700 2839 800 2888 21-26.
819 2839 938 2888 doloris
960 2875 967 2887 .
990 2874 995 2887 .
1019 2875 1024 2888 .
1047 2851 1148 2896 causa,
1166 2853 1182 2886 a

167 2919 178 2978 5
196 2916 219 2966 9.
242 2915 344 2964 15-17.
362 2914 461 2964 nihil.
479 2951 485 2964 .
503 2950 508 2963 .
526 2914 647 2963 abstra-
669 2931 741 2966 mere
753 2917 917 2980 periphrasis
926 2917 969 2964 for
977 2916 1061 2976 dolor,
1075 2920 1141 2976 etc.;
1153 2929 1182 2964 so

133 2991 204 3041 has:
227 2992 270 3042 ior
285 2993 471 3041 construction
487 2991 523 3041 cf.
543 2991 557 3053 ἓ
578 2990 601 3042 7.
622 2993 644 3040 1.
668 2995 743 3043 ratio
760 2994 931 3043 comitiorum
946 2991 1028 3056 (Mur.
1048 2991 1093 3040 53.
1106 2992 1135 3051 8)
1153 3014 1178 3040 =

132 3068 275 3131 simplex,
294 3080 362 3125 una,
382 3066 571 3131 ‘indivisible‚'
594 3067 648 3118 ‘in-
670 3070 790 3132 consitio,
819 3069 873 3118 and
904 3072 1008 3119 nutura
1045 3069 1182 3119 hominum
1279 3088 1281 3094 ·

83 3177 86 3185 ·
132 3143 291 3208 separable!
337 3143 505 3194 bonorum:
527 3144 558 3194 in
574 3144 648 3194 what
672 3168 699 3196 =
712 3145 797 3196 homo.
833 3144 1037 3203 consulttam
1049 3145 1181 3206 privato,

132 3220 234 3270 sense?
671 3221 679 3247 ‘
687 3223 766 3272 when
777 3223 791 3272 1
804 3237 858 3272 was
875 3222 988 3285 consul,’
1005 3221 1081 3272 ‘now
1092 3222 1152 3270 that
1168 3221 1183 3272 1

164 3297 211 3356 18,
223 3297 270 3347 19.
286 3299 407 3360 parte,
432 3297 544 3362 ‘party‚’
574 3297 604 3348 in
631 3312 744 3348 sema
761 3299 867 3362 private
883 3298 1000 3348 citizen.9
1037 3297 1182 3356 elioece·

132 3373 252 3439 politica]
273 3388 361 3437 sense,
381 3388 411 3424 as
431 3375 523 3438 nearly
542 3375 579 3425 all
600 3376 647 3424 the
669 3376 752 3433 teris,
763 3376 826 3426 here
834 3374 937 3438 strictly
945 3376 1020 3438 used,
1030 3374 1184 3424 theformer

134 3466 197 3502 men
225 3451 322 3501 hinted
348 3456 378 3502 at
402 3466 471 3502 were
493 3455 644 3513 optimates.
672 3475 698 3502 =
713 3451 923 3514 ‘someothers,’
938 3451 1077 3501 theletter
1091 3474 1116 3498 =
1131 3449 1182 3500 ‘all

134 3527 191 3578 hos
219 3527 356 3576 animum
382 3527 572 3576 adverteris:
601 3529 647 3578 the
669 3529 779 3579 others)

134 3618 258 3669 pronoun
271 3605 293 3653 is
304 3605 353 3654 the
363 3605 449 3654 direct
459 3606 549 3667 object
560 3605 589 3654 of
601 3606 647 3654 the
701 3607 715 3668 ς
728 3607 765 3655 10.
785 3603 886 3654 30-33.
904 3604 975 3655 Ηοο
987 3609 1097 3662 totum,
1110 3603 1183 3653 ‘The

132 3681 288 3744 compound
316 3680 377 3731 idea
405 3684 525 3731 animum
553 3683 648 3732 adver·
669 3682 734 3746 long
749 3682 803 3732 and
827 3683 873 3731 the
891 3683 967 3732 short
984 3683 1013 3730 oi
1030 3683 1051 3730 it
1069 3682 1100 3742 is,
1119 3681 1180 3730 etc!

131 3761 208 3820 teris,
228 3772 302 3807 more
320 3757 474 3820 commonly
490 3758 647 3807 contracted
668 3759 851 3808 inconstans
869 3770 906 3806 ac
923 3757 1010 3814 levis,
1025 3755 1183 3806 ‘inconsist-

131 3840 191 3890 toto
208 3836 442 3896 animadverteris,
478 3834 574 3892 Nerua
590 3838 716 3898 ostent
743 3834 797 3892 and
826 3833 985 3898 unstablessl
1015 3819 1204 3883 auctorita-'
