2870 4376
422 339 502 393 car.
528 340 616 404 aon,
641 339 654 404 s
676 340 764 395 aser.
1108 319 1173 392 469

70 523 197 586 statum
214 516 388 604 otiumque
405 518 555 584 odissent
567 525 601 583 et
612 517 655 582 ob
667 517 766 582 hasce
782 497 899 582 causas
916 523 970 582 tot
986 524 1122 604 tamque
1144 533 1174 579 at

70 625 179 690 varias
202 645 254 687 me
279 644 386 686 unum
409 621 638 707 deposcerent,
655 621 882 708 depugnarem
905 622 1018 707 potius
1041 643 1118 686 cum

71 749 202 792 summo
219 749 287 792 non
314 727 422 792 dicam
448 727 562 804 exitio,
578 726 638 792 sed
661 727 811 812 periculo
835 733 924 791 certe
948 732 1062 792 vestro
1084 726 1122 790 li·

70 833 294 916 berorumque
311 839 500 897 vestrorum
517 852 618 916 quam
634 831 680 906 id,
691 829 783 916 quod
795 829 950 894 omnibus
963 829 1122 916 inpende-

72 936 139 1012 bat,
155 957 244 1000 unus
259 957 320 1020 pro
336 935 491 1000 omnibus
506 936 712 1020 susciperem
727 957 765 999 ac
782 934 953 999 subirem?

115 1057 195 1103 xxi.
227 1039 342 1104 ‘Victi
365 1047 478 1104 essent
501 1038 663 1124 improbi!
710 1039 760 1103 At
775 1039 875 1115 cives,
891 1046 928 1102 at
942 1036 984 1102 ab
999 1059 1038 1103 eo
1058 1039 1122 1123 pri·
1133 1041 1172 1106 47

70 1152 150 1209 vato
165 1150 302 1221 armato,
319 1144 379 1228 qui
395 1144 468 1208 sine
484 1144 584 1207 armis
600 1139 701 1208 etiam
718 1143 836 1207 consul
857 1163 927 1207 rem
951 1141 1119 1226 publicam

70 1255 293 1313 conservarat.
340 1246 399 1311 Sin
423 1247 505 1312 victi
532 1255 647 1311 essent
676 1247 764 1322 boni,
789 1247 847 1332 qui
878 1246 1120 1331 superessent?

71 1373 183 1417 nonne
200 1350 242 1416 ad
258 1371 371 1416 servos
389 1349 511 1416 videtis
527 1372 597 1415 rem
614 1351 782 1435 publicam
795 1358 973 1414 venturam
990 1347 1119 1413 fuisse?

71 1457 130 1520 An
147 1456 317 1540 mihiipsi,
334 1462 374 1519 ut
389 1454 526 1540 quidam
543 1463 676 1540 putant,
694 1452 761 1518 init
777 1476 864 1518 mors
881 1474 989 1538 aequo
1010 1454 1122 1517 animo
1158 1469 1174 1515 e

72 1558 286 1645 oppetenda?
341 1558 432 1637 Quid
460 1559 557 1623 tum?
594 1566 779 1622 mortemne
811 1557 1006 1644 fugiebam?
1063 1556 1120 1620 An

73 1673 145 1729 erat
161 1685 213 1727 res
230 1663 310 1739 ulla,
327 1683 429 1747 quam
446 1662 526 1726 mihi
545 1664 651 1749 magis
667 1661 849 1747 optandam
866 1661 1044 1746 putarem?
1061 1667 1122 1726 aut

72 1789 136 1854 ego
160 1768 234 1831 illas
258 1788 309 1831 res
333 1773 445 1831 tantas
468 1768 504 1830 in
529 1774 623 1831 tanta
648 1765 874 1851 improborum
900 1764 1119 1831 multitudine

71 1893 149 1936 cum
176 1870 340 1957 gerebam,
358 1892 424 1934 non
453 1870 534 1934 mihi
560 1891 659 1947 mors,
676 1891 743 1934 non
771 1870 911 1934 exilium
940 1868 983 1933 ob
1005 1868 1121 1933 oculos

72 1975 293 2041 versabatur?
317 1995 384 2038 non
401 1974 482 2039 haec
498 1973 645 2059 denique
661 1995 681 2042 a
696 1995 749 2038 me
765 1981 839 2037 turn
864 1980 1036 2059 tamquam
1052 1971 1124 2038 fata
1146 1987 1175 2034 10

71 2082 109 2144 in
125 2081 197 2164 ipsa
213 2100 247 2143 re
263 2078 408 2164 gerenda
425 2077 654 2142 canebantur?
698 2077 756 2141 An
773 2084 844 2142 erat
861 2077 942 2142 mihi
967 2078 1002 2141 in
1026 2084 1122 2141 tanto

72 2179 170 2249 luctu
186 2204 344 2259 meorum,
361 2190 456 2248 tanta
472 2183 692 2260 diiunctione,
710 2190 805 2248 tanta
820 2181 1010 2258 acerbitate,
1027 2189 1123 2247 tanta

72 2288 270 2372 spoliatione
296 2289 445 2351 omnium
471 2309 697 2372 rerumquae
724 2286 805 2351 mihi
830 2294 891 2351 aut
918 2292 1038 2350 natura
1063 2293 1123 2351 aut

73 2392 211 2455 fortuna
235 2390 384 2467 dederat,
403 2393 473 2456 vita
496 2391 695 2457 retinenda?
721 2400 788 2456 tarn
815 2412 904 2455 eram
931 2389 1035 2465 rudis,
1052 2397 1119 2454 tarn

71 2499 210 2583 ignarus
238 2517 359 2571 rerum,
376 2503 445 2560 tam
471 2518 591 2580 expers
616 2496 750 2560 consilii
774 2504 836 2560 aut
860 2494 1013 2582 ingenii?
1037 2494 1122 2558 nihil
1146 2510 1175 2556 re

71 2599 253 2676 audieram,
272 2599 356 2662 nihil
372 2600 533 2679 videram,
550 2600 635 2664 nibil
652 2601 722 2685 ipse
746 2599 891 2686 legendo
915 2597 1119 2683 quaerendo

1018 2739 1124 2748 ——--

106 2804 209 2854 25-29.
227 2809 352 2863 statum,
375 2820 405 2855 as
427 2807 456 2856 in
480 2807 494 2868 ξ
518 2807 539 2856 l.
564 2808 587 2856 5.
612 2811 684 2856 note.
709 2804 1124 2855 venturemtuleeeziorfonn

72 2881 232 2932 odissent:
249 2883 311 2944 why
320 2881 355 2944 pi.
370 2884 439 2944 perf.
451 2883 530 2932 when
542 2883 590 2932 the
612 2895 655 2930 see
676 2895 711 2931 on
732 2880 798 2930 Suii.
824 2881 869 2929 22.
891 2881 931 2929 21.
966 2891 1030 2929 non
1049 2878 1126 2928 mihi

70 2957 184 3022 parallel
194 2958 272 3007 verbs
281 2972 326 3006 are
339 2958 517 3020 imperfecta?
540 2960 590 3009 See
612 2968 709 3005 more:
726 2957 771 3005 ior
782 2970 835 3006 non
850 2979 876 3004 =
886 2969 973 3004 noane
985 2968 1029 3004 see
1040 2968 1076 3003 on
1086 2955 1123 3004 ΙΙ.

71 3048 110 3084 on
135 3033 263 3084 1.1e.t.
299 3037 363 3082 tot:
381 3034 443 3098 why
460 3040 510 3084 not
533 3039 588 3084 tam
611 3031 657 3081 19.
679 3032 716 3084 17.
750 3044 843 3089 more,
862 3031 998 3086 exilium,
1018 3030 1124 3080 aratura!

70 3108 198 3160 multas?
225 3109 384 3171 Seecn§8.
400 3110 439 3159 31.
476 3109 591 3172 depug·
612 3108 665 3158 and
678 3107 741 3158 civil
753 3108 844 3157 death.
875 3106 1124 3168 tamquemfeta:

70 3197 186 3242 narem,
209 3185 349 3247 hortatory
371 3200 402 3235 or
417 3186 590 3236 dubitative?
612 3199 709 3235 aeeon
730 3185 783 3233 ΙΙΙ.
803 3183 849 3232 19.
870 3185 910 3233 25.
945 3183 978 3231 in
1000 3183 1070 3244 ipse
1091 3193 1124 3231 re

71 3263 123 3312 See
135 3263 170 3310 ori
183 3262 196 3322 ξ
208 3263 248 3311 45.
266 3264 289 3311 2.
324 3274 388 3311 non
405 3262 515 3320 dicam,
531 3277 591 3325 pre·
612 3261 758 3323 gerenda:
774 3260 817 3310 ‘at
829 3261 876 3309 the
888 3274 952 3322 very
964 3264 1086 3309 moment
1097 3258 1126 3308 oi

71 3337 155 3401 cisely
177 3337 334 3400 equivalent
362 3345 390 3388 to
418 3353 472 3388 aon
500 3339 588 3400 modo,
612 3337 721 3388 action!
756 3336 962 3386 canebantur:
980 3336 1127 3385 formean·

71 3415 87 3476 ς
100 3414 140 3462 45.
154 3414 193 3462 14.
228 3414 426 3475 susciperem,
438 3412 588 3462 subirem:
612 3415 658 3478 ing
670 3429 713 3464 aee
725 3429 760 3464 on
773 3413 827 3463 III.
840 3413 886 3462 18.
900 3415 942 3474 12,
959 3413 1057 3462 forthe
1069 3412 1127 3462 fact

71 3489 117 3538 ior
129 3489 209 3538 mood
221 3489 255 3538 cf.
271 3489 443 3550 adducerem,
457 3488 471 3550 ξ
483 3489 522 3539 45.
538 3491 576 3538 15.
612 3490 646 3538 cf.
665 3503 716 3552 eg.
736 3489 758 3538 Ι.
778 3489 823 3537 22.
842 3489 858 3536 4
880 3489 904 3549 f;
922 3487 973 3536 111.
989 3487 1034 3536 28.
1048 3488 1078 3537 18
1100 3486 1125 3549 13

95 3576 97 3582 ’
612 3563 978 3624 1V.1.st;e.6f;20.5f.

105 3639 171 3702 §aa
190 3639 272 3688 1-11.
297 3637 400 3689 ‘Victi
427 3639 588 3702 improbiz'
642 3637 1126 3697 1³‚14.natura,fortuna:tothe

13 3689 16 3772 i
70 3715 117 3765 for
127 3715 175 3764 the
187 3714 286 3776 quoted
305 3714 392 3764 words
404 3728 448 3764 see
463 3729 499 3764 on
517 3713 529 3771 ᾖ
546 3715 586 3764 43.
612 3715 712 3764 former
735 3715 769 3763 he
798 3714 872 3763 owed
897 3713 940 3762 his
968 3711 1073 3774 family,
1097 3717 1127 3760 to

13 3775 16 3810 ¹
72 3791 113 3841 17.
148 3790 250 3838 cives:
271 3791 393 3840 sceleti
417 3792 513 3839 essent.
548 3790 589 3838 ad
612 3791 657 3839 the
678 3790 759 3839 latter
776 3789 819 3838 his
836 3789 955 3853 position
973 3787 1027 3838 and
1047 3800 1127 3854 prop·

13 3851 17 3894 ¹
70 3876 191 3924 nervos
205 3869 270 3916 aa:
294 3865 330 3917 ot.
348 3865 388 3916 11.
407 3864 454 3916 m.
475 3866 514 3929 1s,
534 3866 589 3915 ana
612 3872 678 3932 eay.
