2876 4378
448 342 527 392 cnr.
552 343 608 404 4-5,
632 343 646 404 y
671 341 778 412 iaia,
1110 326 1173 392 561

70 521 192 580 senatu
217 522 378 598 quattuor
401 523 462 579 aut
487 536 655 579 summum
685 516 836 599 quinque
868 521 948 578 sunt
979 514 1120 590 inventi,

71 619 133 702 qui
159 619 295 682 Milonis
323 641 455 683 eausam
480 641 546 682 non
572 619 777 704 probarent?
824 617 1121 683 Declaranthuius

70 722 218 786 ambusti
235 721 362 786 tribuni
379 724 423 806 pl.
441 723 518 787 illae
536 724 775 788 intermortuae
799 723 982 798 contiones,
999 721 1122 807 quibus
1146 738 1176 784 10

70 825 196 890 cotidie
228 847 333 890 meam
364 828 548 911 potentiam
580 826 746 892 invidiose
778 826 1026 903 criminabatur,
1043 847 1121 892 oum

71 929 201 994 diceret
224 937 376 994 senatum
404 952 482 1007 non,
500 930 591 1016 quod
618 932 768 1006 sentiret,
785 930 853 1008 sed,
871 929 962 1015 quod
978 952 1040 1016 ego
1056 931 1123 996 vel·

71 1033 150 1110 lem,
167 1033 355 1100 decernere.
403 1033 498 1112 Quae
528 1033 662 1118 quidem
691 1035 719 1098 si
751 1035 903 1118 potentia
934 1042 985 1098 est
1011 1036 1122 1119 appel-

72 1137 174 1202 landa
189 1139 300 1223 potius
317 1161 418 1223 quam
435 1146 494 1202 aut
510 1147 646 1224 propter
663 1159 783 1224 magna
800 1141 833 1202 in
858 1161 924 1204 rem
951 1139 1118 1223 publicam

73 1243 193 1307 merita
209 1241 383 1307 mediocris
399 1243 435 1306 in
450 1242 545 1308 bonis
566 1243 675 1307 causis
699 1245 881 1308 auctoritas
905 1251 965 1306 aut
988 1252 1124 1327 propter
1146 1257 1175 1304 15

73 1345 135 1410 hos
151 1345 313 1411 officiosos
329 1347 458 1412 labores
475 1368 565 1411 meos
581 1368 647 1411 non
665 1347 760 1410 nulla
773 1346 864 1432 apud
881 1347 983 1411 bonos
999 1349 1118 1432 gratia,

73 1449 265 1534 appelletur
280 1450 327 1515 ita
341 1473 430 1527 sane,
447 1449 526 1514 dum
545 1449 643 1515 modo
659 1472 698 1515 ea
714 1472 773 1515 nos
790 1460 927 1516 utamur
941 1472 1000 1535 pro
1013 1451 1121 1516 salute

74 1553 238 1618 bonorum
270 1561 385 1618 contra
415 1555 593 1619 amentiam
633 1554 850 1639 perditorum.
913 1553 1011 1618 Hanc
1043 1575 1121 1618 vero
1139 1558 1175 1619 1³

75 1658 315 1743 quaestionem,
347 1659 411 1724 etsi
443 1681 509 1723 non
541 1667 594 1724 est
628 1659 755 1748 iniqua,
787 1680 972 1744 numquam
1008 1667 1119 1724 tamen

74 1767 212 1828 senatus
224 1761 494 1828 constituendam
508 1764 651 1847 putavit.
691 1763 797 1827 Erant
809 1764 898 1828 enirn
913 1763 1014 1849 leges,
1029 1771 1125 1828 erant
1147 1777 1176 1822 ao

75 1865 290 1951 quaestiones
306 1867 361 1932 vel
384 1866 425 1931 de
449 1865 549 1932 caede
566 1867 620 1932 vel
639 1866 680 1931 de
698 1868 741 1942 vi,
759 1887 819 1931 nec
844 1874 976 1931 tantum
1001 1888 1123 1933 maero-

75 1991 198 2035 remae
214 1970 344 2036 luctum
361 1972 494 2036 senatui
510 1992 597 2035 mors
615 1970 653 2034 P.
671 1969 769 2034 Clodi
793 1967 964 2047 afferebat,
982 1979 1021 2035 ut
1036 1992 1123 2036 nova

75 2075 230 2159 quaestio
256 2076 528 2140 constitueretur.
575 2074 682 2140 Cuius
713 2076 801 2140 enim
833 2074 874 2140 de
906 2075 965 2138 illo
995 2075 1123 2140 incesto

76 2186 194 2263 stupro
208 2177 367 2244 iudicium
382 2177 583 2244 decernendi
594 2180 726 2266 senatui
738 2186 886 2264 potestas
898 2187 986 2244 esset
998 2187 1122 2263 erepta,

77 2281 208 2347 deeius
232 2284 371 2348 interitu
389 2283 465 2368 quis
488 2290 602 2368 potest
625 2283 758 2348 credere
785 2291 940 2348 senatum
963 2283 1126 2347 iudicium
1149 2299 1178 2343 aa

78 2408 204 2450 novum
220 2387 494 2453 constituendum
509 2388 672 2472 putasse?
717 2388 789 2452 Cur
804 2388 909 2474 igitur
930 2387 1123 2452 incendium

79 2491 200 2566 curiae,
217 2491 501 2577 oppugnationem
519 2491 653 2556 aedium
670 2491 717 2555 M.
736 2491 864 2576 Lepidi,
882 2491 1017 2557 caedem
1041 2491 1125 2556 hanc

79 2702 139 2750 that
162 2701 196 2750 he
220 2701 273 2749 had
285 2700 396 2752 himself
415 2701 525 2750 courted
543 2701 591 2750 the
615 2702 642 2750 in
657 2699 807 2752 11.1⁵.17:
824 2701 867 2750 ior
878 2701 993 2750 another
1001 2700 1129 2764 meaning

43 2801 46 2808 ·
80 2775 171 2826 iullest
194 2777 395 2839 investigation,
421 2777 470 2826 but
493 2778 521 2826 in
543 2776 591 2825 the
615 2791 659 2826 see
671 2792 707 2826 on
720 2778 757 2826 11.
772 2777 817 2825 21.
832 2779 853 2827 1.
1105 2784 1107 2788 ·

80 2853 208 2915 standing
218 2859 309 2915 courts
322 2852 347 2915 (ξ
361 2853 410 2915 14).
647 2853 718 2912 513.
748 2851 849 2902 20-27.
886 2852 977 2914 leges,
997 2865 1059 2915 cg,
1081 2853 1129 2902 the

108 2930 169 2988 §ia
182 2929 264 2978 8-10.
279 2928 590 2988 summum,‘atmost,'
617 2930 658 2980 lex
676 2929 794 2980 Plautia
814 2930 846 2978 de
868 2931 915 2978 vt:
939 2943 983 2978 see
1001 2943 1036 2978 on
1058 2929 1126 2980 Sesi.

80 3008 139 3056 adv.
147 3019 200 3056 aec.
213 3004 305 3054 huius
319 3005 455 3054 ambusti
468 3005 592 3062 tribuni,
617 3006 718 3066 Tmou,
733 3005 790 3054 Pro
801 3005 898 3054 Sestio.
924 3003 1127 3052 enimenim:

83 3082 153 3132 ‘this
170 3081 297 3132 seorehed
319 3081 446 3130 tribune?
482 3082 513 3130 T.
533 3082 593 3130 Mu·
617 3081 659 3130 for
689 3081 735 3129 the
768 3080 879 3129 relative
913 3093 957 3128 see
991 3092 1026 3127 on
1058 3080 1126 3129 Sest.

82 3160 171 3208 natiue
194 3158 311 3207 Plancus
334 3171 388 3206 was
411 3157 592 3218 deliveringa
616 3157 731 3206 133.16.
766 3146 1126 3218 incesto,‘sacrllegious:'

81 3235 182 3285 violent
195 3234 331 3295 liaraugue
344 3247 407 3283 over
421 3234 467 3282 the
483 3233 552 3294 body
564 3234 593 3284 oi
617 3235 663 3282 the
681 3233 811 3282 violaiicn
828 3232 857 3281 oi
879 3232 927 3282 the
944 3232 1083 3293 mysteries
1100 3232 1129 3282 of

83 3310 202 3369 Clodius,
226 3310 303 3358 when
328 3309 375 3358 the
399 3309 463 3358 heat
488 3309 518 3358 of
545 3310 592 3358 the
617 3311 663 3360 the
691 3309 768 3358 Bona
795 3309 861 3360 Dea.
904 3308 1028 3357 senatui
1055 3344 1060 3356 .
1088 3344 1094 3359 ,
1122 3345 1127 3355 .

82 3388 199 3449 burning
217 3387 295 3436 curia
313 3385 350 3447 (p.
364 3386 404 3445 48,
418 3385 432 3445 ξ
447 3385 489 3446 89)
502 3385 592 3434 forced
617 3388 704 3436 esset
715 3388 836 3446 erepta:
848 3399 865 3434 a
876 3383 974 3447 special
987 3389 1066 3434 court
1074 3398 1129 3434 was

83 3465 139 3514 him
156 3469 187 3512 to
203 3467 273 3524 stop.
309 3462 404 3512 Hence
420 3462 455 3510 he
473 3463 494 3510 ls
508 3461 591 3512 called
617 3461 780 3512 established
804 3462 837 3522 by
861 3461 909 3510 the
932 3461 974 3509 lca
995 3461 1076 3522 Fufia
1096 3461 1129 3511 de

85 3538 291 3599 ‘scorehed,'
328 3538 382 3588 and
418 3538 460 3586 his
496 3539 593 3598 speech
618 3535 1129 3598 reliyione,butthey'urywasseleeted

86 3615 205 3666 ‘stilled’
618 3615 646 3663 in
670 3614 717 3662 the
740 3612 866 3674 ordinary
884 3625 950 3672 way,
971 3617 1019 3659 not
1036 3626 1065 3660 as
1082 3612 1129 3660 the

114 3689 593 3751 16‚17.hosofflolososlabores‚
618 3695 710 3740 senate
723 3688 840 3737 desirati:
858 3700 901 3735 see
918 3701 953 3736 on
972 3687 1021 3748 Ep.
1038 3687 1088 3736 III.
1103 3687 1128 3734 1.

87 3769 174 3818 ‘these
191 3769 352 3818 serviceable
369 3766 476 3828 labors,’
496 3768 549 3824 i.e.,
566 3768 593 3816 in
618 3770 645 3828 53
673 3767 698 3813 2.
723 3764 760 3816 17.
796 3763 1128 3826 oppugnationem...

84 3845 129 3898 the
144 3851 243 3899 courts.
281 3845 351 3910 Why
367 3845 438 3898 hos?
471 3855 554 3906 sane,
566 3857 595 3892 as
617 3840 742 3908 Lepidi:
760 3841 831 3891 aiter
848 3839 965 3904 burning
981 3838 1029 3887 the
1050 3839 1129 3898 curia
