2954 4374
487 325 567 374 cnr.
593 325 680 387 rere,
704 325 718 386 ς
740 325 828 376 sr-so.
1171 315 1235 380 179

133 500 205 565 noli
217 498 375 564 ludorum
385 496 486 562 buius
495 496 697 584 elegantiam
706 504 887 562 etscaenae
901 498 1183 584 magnificentiam

134 602 234 670 valde
265 609 497 676 contemnem
535 621 622 686 quae
653 599 731 665 huic
762 599 943 666 admodum
973 600 1182 687 profuerunt.

134 706 223 772 Nam
247 703 332 792 quid
355 727 419 792 ego
434 703 543 769 dicam
567 703 731 790 populum
751 726 789 770 sc
804 704 929 791 vulgus
954 706 1182 790 imperitorum
1221 725 1235 770 c

134 811 226 877 ludis
250 831 372 898 magno
398 830 497 894 opere
528 807 724 874 delectari?¹
758 807 873 874 Minus
904 817 957 874 est
982 810 1181 877 mirandum.

135 915 352 1001 Quamquam
376 913 454 978 hnic
480 933 598 980 causae
621 911 657 977 id
671 915 753 978 satis
768 921 841 989 est;
865 922 948 978 surrt
962 914 1052 980 enirn
1067 918 1184 1001 populi

134 1041 173 1085 ac
204 1017 434 1084 multitudiuis
464 1018 608 1084 comitia.
664 1016 785 1097 Quare,
810 1018 839 1084 si
870 1018 996 1103 populo
1026 1017 1183 1086 ludorum

135 1123 385 1210 magnificentia
399 1121 567 1206 voluptati
592 1130 654 1199 est,
671 1143 739 1186 non
764 1129 817 1187 est
841 1121 1031 1188 mirandum
1055 1143 1129 1189 earn
1146 1125 1182 1188 L.
1221 1143 1237 1188 e

135 1229 298 1294 Murenae
313 1225 405 1314 apud
425 1227 589 1312 populum
604 1224 779 1311 profuisse.
826 1225 892 1292 Sed
908 1227 936 1294 si
953 1236 1085 1294 nosmet
1107 1229 1181 1314 ipsi,
1195 1233 1235 1296 89

134 1333 195 1419 qui
211 1339 247 1398 et
261 1331 304 1396 ab
325 1331 548 1397 delectatione
572 1331 740 1396 communi
763 1331 907 1418 negotiis
931 1331 1134 1416 impedimur
1149 1341 1184 1398 et

134 1437 171 1502 in
194 1437 270 1522 ipsa
295 1435 514 1520 occupatione
541 1433 781 1500 delectationes
805 1435 888 1500 alias
914 1436 1039 1501 multas
1063 1436 1182 1504 habere

134 1561 324 1627 possumus,
340 1539 431 1604 ludis
447 1546 559 1604 tamen
582 1537 788 1604 oblectamur
803 1548 838 1604 et
855 1537 1020 1616 ducimur,
1037 1541 1121 1626 quid
1145 1550 1183 1607 tu

133 1644 298 1710 admirere
322 1643 364 1710 de
389 1641 607 1708 multitudine
628 1641 786 1708 indocta?
832 1642 869 1708 L.
888 1643 990 1722 Otb0,
1008 1645 1060 1709 vir
1074 1644 1182 1722 fortia,
1195 1649 1236 1713 40

134 1771 230 1816 meus
254 1749 470 1823 necessarius,
497 1747 645 1832 equestri
673 1746 783 1812 ordini
807 1747 958 1814 restituit
982 1749 1183 1814 nouaclum
1207 1767 1235 1812 rt

133 1853 347 1940 dignitatern,
367 1851 426 1916 sed
450 1853 552 1917 etiam
584 1851 804 1937 voluptatem.
851 1851 972 1937 Itaque
1003 1853 1059 1918 lex
1091 1853 1181 1930 haec,

133 1979 222 2044 quae
244 1956 288 2022 ad
311 1955 408 2021 ludos
433 1956 591 2042 pertinet,
614 1962 667 2020 est
691 1957 841 2022 omnium
866 1957 1065 2043 gratissima,
1091 1958 1183 2044 quod

132 2063 369 2128 honestissimo
406 2060 516 2126 ordini
553 2081 630 2126 cum
668 2060 845 2145 splendore
875 2060 1007 2126 fructus
1046 2083 1181 2147 quoque

132 2166 356 2233 iucunditatis
378 2173 431 2232 est
452 2165 641 2231 restitutus.
690 2164 801 2244 Quare
826 2165 999 2232 delectant
1021 2165 1181 2243 homines,

132 2272 217 2338 mihi
233 2270 341 2348 crede,
357 2269 439 2347 ludi,
453 2271 554 2336 etiam
570 2270 655 2345 illos,
674 2270 733 2354 qui
749 2269 973 2348 dissimulant,
991 2293 1057 2336 non
1073 2272 1182 2337 solum
1205 2287 1235 2333 ιο

166 2479 230 2538 'ata
248 2479 404 2536 urbanam,
424 2478 570 2528 ‘civiliam’
604 2478 649 2527 ln·
701 2480 715 2542 5
742 2479 781 2529 40.
808 2478 855 2527 14.
882 2479 912 2528 L
937 2478 1071 2543 (Roscius)
1098 2481 1181 2532 Otho

134 2558 247 2607 dorum
264 2559 297 2606 et
318 2567 464 2605 scaenae:
482 2556 529 2606 tbs
548 2555 649 2606 former
668 2556 731 2618 had,
749 2570 779 2606 as
797 2557 906 2606 tribune
924 2557 952 2606 oi
972 2557 1020 2606 the
1037 2558 1133 2621 people
1153 2559 1180 2608 in

133 2635 219 2684 refers
236 2639 265 2682 ιο
282 2634 328 2683 the
345 2647 437 2696 gemes
449 2632 478 2684 oi
494 2633 541 2682 tbe
553 2633 647 2690 circus,
667 2633 707 2693 67,
720 2633 822 2682 carried
840 2647 856 2682 a
872 2633 923 2682 law
935 2634 1074 2697 assigning
1089 2640 1117 2684 to
1134 2636 1182 2685 tbe

133 2709 231 2773 cbiefly
253 2710 436 2772 berse-racing
457 2709 511 2757 and
537 2708 648 2758 stbletic
668 2711 772 2772 equites
788 2710 914 2760 iourteen
931 2724 1000 2760 rows
1016 2712 1045 2761 ot
1061 2717 1131 2760 scats
1151 2712 1179 2761 ln

133 2802 239 2852 games3
249 2788 297 2838 the
305 2787 386 2838 latter
394 2791 423 2836 to
434 2795 508 2850 stage
520 2787 648 2850 perform-
668 2786 714 2835 the
726 2786 840 2848 tbeatre,
854 2793 919 2836 next
931 2793 959 2837 ιο
971 2787 1048 2837 those
1058 2789 1180 2838 reserved

133 2879 224 2924 auces,
245 2870 274 2914 at
295 2865 351 2915 this
370 2863 437 2914 time
457 2863 557 2927 largely
575 2879 648 2928 spec-
668 2863 903 2914 forthesenators.
937 2864 1181 2926 Somesuehprivl-

39 2942 42 2947 “
133 2943 246 2992 tacular.
668 2939 725 3002 lege
736 2940 789 2990 bad
803 2939 930 3002 probably
940 2940 1008 2990 been
1020 2940 1181 2990 securedfor

167 3019 193 3077 6,
206 3020 230 3067 7.
247 3019 361 3076 Minna,
375 3019 517 3082 explained
534 3019 569 3082 by
581 3019 594 3081 5
606 3019 645 3070 39.
667 3017 714 3066 the
731 3017 834 3080 equites
850 3018 885 3078 by
902 3016 1047 3078 Gracchus,
1068 3017 1119 3066 and
1141 3031 1180 3066 re·

136 3098 174 3146 11.
226 3107 347 3152 causae,
375 3108 405 3144 as
437 3095 466 3144 in
494 3095 509 3157 §
536 3094 576 3144 31.
606 3094 644 3147 27.
667 3094 754 3143 voked
777 3093 811 3155 by
833 3093 917 3154 Sulla,
940 3094 1025 3143 hence
1047 3095 1177 3154 restituit,
1200 3158 1202 3162 .

77 3206 80 3209 -
133 3171 249 3233 populi.
262 3177 327 3222 etc:
344 3171 473 3222 electioris
487 3185 533 3222 are
544 3185 560 3220 a
572 3185 647 3233 ques·
667 3169 684 3218 l.
700 3171 737 3218 15.

135 3249 193 3297 tion
206 3249 236 3297 oi
253 3247 388 3309 numbers,
402 3247 491 3296 notoi
507 3251 576 3296 teste
593 3247 647 3296 and
698 3246 744 3294 1⁷.
762 3245 948 3308 gratissima:
978 3247 1024 3296 tbe
1052 3247 1103 3297 law
1125 3260 1179 3296 was

134 3325 248 3374 culture.
667 3323 748 3385 really
761 3337 824 3385 uery
842 3324 1003 3387 unpopular,
1020 3324 1069 3373 but
1085 3323 1180 3373 Cicero

167 3402 229 3462 §39.
248 3400 294 3449 10.
311 3399 646 3462 nosmetipsi,l.e.‚men
667 3401 765 3461 speaks
781 3400 811 3449 oi
828 3400 849 3449 it
866 3401 894 3448 ln
912 3415 941 3450 as
956 3400 1179 3463 complimentary

133 3478 164 3526 oi
176 3477 342 3527 retinement.
379 3475 431 3527 For
443 3477 490 3526 the
503 3476 645 3529 intensive.
667 3481 750 3526 terms
766 3491 795 3526 as
812 3476 936 3539 possible,
950 3477 1064 3526 because
1079 3478 1113 3526 be
1124 3490 1179 3525 was

132 3557 206 3614 -aaet,
220 3567 264 3603 see
280 3552 315 3603 A.
329 3553 361 3604 99
365 3552 396 3614 s3
412 3551 445 3602 G.
461 3553 509 3602 100
525 3552 600 3602 Rem.
621 3554 647 3615 13
667 3552 696 3602 of
704 3554 856 3616 equestrian
866 3552 960 3614 family
970 3553 1080 3602 birnseli
1089 3552 1126 3614 (p.
1139 3554 1177 3612 16,

133 3630 170 3680 H.
184 3630 270 3692 1843;
286 3631 316 3679 Ρ.
331 3628 378 3682 179
389 3628 412 3679 b.
437 3671 439 3674 .
668 3627 746 3691 §ll)‚
768 3629 821 3678 and
838 3643 893 3678 was
915 3631 971 3691 just
991 3629 1094 3679 atthis
1114 3629 1179 3678 time

164 3707 212 3754 14.
229 3705 395 3755 admirere:
424 3706 467 3755 tor
489 3705 579 3765 moed,
603 3719 647 3754 see
668 3707 756 3768 trying
778 3710 807 3755 ιο
830 3706 908 3767 bring
930 3706 977 3755 tbe
999 3706 1103 3768 equites
1125 3705 1178 3753 and

132 3797 169 3833 on
191 3782 292 3844 fueris,
316 3783 331 3845 δ
351 3783 389 3832 21.
415 3783 459 3844 313
488 3782 534 3831 the
556 3782 647 3832 condi·
667 3789 788 3832 senators
815 3782 938 3844 together
965 3781 1121 3844 politieally,
1152 3783 1179 3829 in

131 3859 217 3920 tiens]
229 3864 357 3919 sentence
367 3859 432 3919 does
443 3862 491 3918 net
503 3858 584 3919 effect
595 3859 624 3916 it,
668 3858 747 3914 order
758 3863 786 3916 to
797 3858 876 3915 resist
891 3858 938 3907 the
955 3857 1075 3930 growing
1091 3870 1181 3928 power
