2870 4376
442 309 522 362 cnr.
550 311 637 374 rare,
660 311 675 373 i
696 309 784 364 acar.
1117 291 1180 358 461

125 497 203 545 XVI.
226 479 402 566 Exponam
415 483 503 546 enim
519 481 681 546 hodierno
697 481 760 558 die,
778 480 917 557 iudices,
935 501 1067 545 omnem
1083 501 1130 544 ra·
1141 481 1182 546 36

80 585 207 649 tionem
237 583 319 649 facti
349 593 384 650 et
414 587 545 650 consilii
569 587 632 650 mei
656 607 766 670 neque
794 585 873 649 huic
897 592 1009 650 vestro
1033 592 1128 648 tanto

80 690 194 755 studio
210 690 367 756 audiendi
385 713 445 756 nec
456 713 536 756 vero
549 692 626 756 huic
640 699 753 755 tantae
767 688 989 765 multitudini,
1003 697 1130 773 quanta

81 816 154 860 mea
166 795 324 859 memoria
335 816 519 879 numquam
535 796 603 859 ullo
615 796 650 858 in
664 794 788 858 iudicio
801 793 877 870 fuit,
891 792 1000 857 deero.
1041 791 1127 872 Nam

80 898 110 962 si
125 919 187 984 ego
204 899 238 960 in
254 919 354 962 causa
370 908 440 962 tam
456 898 543 963 bona
559 906 654 963 tanto
669 898 784 963 studio
799 904 948 972 senatus
962 918 1129 962 consensu
1166 912 1181 957 s

80 1008 149 1065 tam
162 1001 351 1095 incredibili
362 1001 524 1067 bonorum
534 1004 694 1078 omnium,
706 1011 773 1066 tam
787 1011 902 1087 parato
913 1001 1047 1085 populo,
1057 1008 1128 1064 tota
1151 1000 1161 1020 “

80 1105 226 1190 denique
236 1105 333 1170 ltalia
345 1105 388 1170 ad
401 1128 532 1171 omnem
544 1108 795 1172 contentionem
805 1104 963 1190 expedita
974 1105 1057 1168 cessi
1070 1105 1127 1168 tri·

79 1209 162 1273 buni
174 1209 231 1294 pl,
244 1209 501 1294 despicatissimi
517 1210 672 1286 hominis,
689 1209 805 1286 furori,
819 1209 1130 1293 contemptissumo·

79 1334 154 1377 rum
164 1313 339 1378 consulum
354 1315 527 1379 levitatem
543 1313 785 1398 audaciamque
801 1313 970 1398 pertimui,
987 1313 1129 1376 nimium

80 1439 132 1482 me
150 1417 316 1493 timidum,
343 1418 470 1482 nullius
491 1419 605 1494 animi,
622 1419 749 1482 nullius
774 1419 905 1482 consilii
928 1416 1031 1481 fuisse
1056 1437 1130 1481 con·
1153 1432 1181 1477 ro

79 1520 185 1586 fiteor.
242 1521 335 1601 Quid
361 1523 451 1586 enim
477 1523 586 1586 simile
614 1521 683 1586 fuit
708 1523 745 1585 in
769 1522 810 1601 Q.
840 1520 1006 1585 Metello?
1031 1517 1180 1584 cuius³⁷

78 1646 213 1692 (causam
229 1627 292 1690 etsi
309 1647 423 1690 omnes
439 1625 517 1690 boni
533 1624 728 1710 probabant,
741 1635 854 1690 tamen
866 1647 974 1709 neque
991 1633 1127 1690 senatus

78 1728 211 1814 publice
239 1751 347 1814 neque
374 1730 464 1794 ullus
489 1729 571 1794 ordo
594 1730 724 1814 proprie
751 1750 859 1814 neque
886 1731 956 1793 suis
983 1728 1126 1794 decretis

79 1833 178 1897 ltalia
208 1840 329 1898 cuncta
358 1841 560 1918 susceperat.
621 1832 680 1897 Ad
710 1854 806 1897 suam
836 1833 926 1897 enim
957 1831 1126 1917 quandam

79 1938 186 2024 magis
217 1937 274 2002 ille
300 1937 441 2024 gloriam
468 1959 570 2022 quam
600 1936 643 2001 ad
669 1937 880 2022 perspicuam
911 1936 1054 2001 salutem
1079 1937 1127 2000 rei
1152 1952 1180 1997 15

78 2039 231 2128 publicae
262 2043 399 2126 spiritus
426 2048 624 2126 sumpserat,
653 2063 730 2107 cum
757 2063 846 2105 unus
869 2042 903 2103 in
935 2041 1042 2126 legem
1065 2062 1125 2124 per

78 2146 148 2210 vim
163 2145 266 2210 latam
281 2146 389 2211 iurare
413 2146 587 2221 noluerat;
612 2145 758 2230 denique
786 2144 965 2210 videbatur
991 2166 1029 2208 ea
1052 2166 1127 2209 con·

78 2249 209 2314 dicione
226 2257 294 2314 tam
318 2248 416 2314 fortis
441 2249 556 2326 fuisse,
574 2257 613 2314 ut
637 2271 714 2314 cum
740 2250 866 2333 patriae
892 2249 1028 2312 caritate
1053 2270 1128 2312 con·

78 2353 221 2418 stantiae
238 2354 379 2440 gloriam
405 2360 637 2418 commutaret.
684 2354 766 2416 Erat
788 2360 901 2418 autem
926 2374 977 2418 res
1001 2353 1032 2417 ei
1048 2374 1126 2417 curn

110 2609 215 2660 Second
223 2609 391 2672 Digression:
402 2609 519 2659 Cicerc’s
527 2609 590 2658 Rea·
614 2609 668 2658 had
680 2610 747 2659 been
760 2610 887 2672 occupied
906 2610 940 2671 by
953 2610 999 2658 the
1012 2609 1127 2671 Cirnbri3

77 2700 142 2737 sons
159 2685 202 2739 for
218 2685 337 2749 yielding
354 2691 383 2736 to
402 2686 445 2736 his
462 2686 589 2736 Enemies
614 2686 660 2734 the
679 2685 730 2734 law
747 2686 804 2734 also
822 2685 951 2749 provided
969 2685 1030 2734 tlrat
1047 2699 1138 2752 every·

77 2762 367 2825 withoutaStruggle,
381 2760 407 2818 §l
420 2763 507 2812 3642.
614 2768 723 2812 senator
744 2762 842 2812 should
864 2763 928 2811 take
951 2775 986 2810 an
1011 2762 1077 2811 cath
1099 2767 1128 2810 to

110 2837 174 2895 §3d
199 2837 280 2887 1-10.
298 2850 422 2887 omnem
429 2839 589 2894 rationem,
614 2839 724 2888 obscrve
737 2839 757 2887 it
770 2838 910 2900 faithfulfy
927 2853 958 2888 or
976 2838 1068 2888 forfeit
1085 2839 1127 2888 hle

79 2915 113 2965 ‘a
135 2914 185 2964 full
209 2914 404 2976 explanation'
439 2927 508 2964 mea
530 2927 591 2963 me·
614 2917 879 2966 seatinthesenate.
916 2915 1127 2965 Metellusalone

76 2991 183 3048 moria,
194 2991 246 3040 abl.
260 2992 289 3040 of
301 2992 374 3040 time.
407 2990 510 3048 deero,
523 2990 591 3040 ‘dIs-
614 2993 721 3041 refused
733 2999 761 3042 to
773 2992 836 3041 take
848 2992 896 3041 the
907 2992 972 3041 cath
989 2991 1044 3040 and
1056 2997 1128 3040 went

76 3066 210 3131 appoint.’
227 3066 590 3129 despicatisafmhamuch
614 3069 673 3118 into
685 3069 762 3118 exile.
798 3068 841 3117 He
851 3081 906 3117 was
919 3066 1033 3117 recalled
1046 3068 1073 3116 in
1085 3068 1125 3118 99.

75 3143 284 3206 strongerword
301 3143 368 3191 than
387 3145 590 3203 contemptioso·
614 3144 755 3205 publice:
784 3145 857 3194 what
885 3145 949 3193 does
971 3144 1027 3193 this
1054 3143 1127 3194 word

75 3234 199 3278 morum
214 3219 258 3268 for
273 3220 321 3268 the
337 3219 442 3280 passive
459 3233 536 3268 sense
553 3220 587 3268 cf.
614 3221 713 3283 always
736 3220 842 3283 imply?
886 3220 1017 3281 proprie,
1042 3219 1128 3269 ‘indi-

76 3297 191 3359 §10.25.
221 3293 338 3344 nullius
359 3293 465 3344 animi
485 3295 591 3354 fulmo,
615 3297 753 3358 vidually.'

76 3373 205 3423 ‘shewed
215 3387 251 3421 no
263 3386 385 3435 coumge,
396 3373 477 3434 etc.;'
492 3374 535 3422 ior
544 3373 591 3423 the
646 3372 749 3422 14-19.
775 3373 938 3434 quandam,
964 3373 1001 3423 ‘if
1029 3373 1043 3421 I
1065 3386 1128 3435 may

75 3463 137 3513 gen.
152 3448 187 3497 cf.
202 3449 251 3510 Ep.
266 3448 317 3498 VI.
330 3449 377 3496 15.
389 3450 412 3498 3.
615 3464 661 3511 say
685 3450 741 3498 ευτ’
764 3450 799 3498 cf.
825 3449 890 3500 Sull.
915 3448 961 3498 ³⁵.
980 3450 1020 3500 20.
1056 3461 1128 3498 cum

15 3541 16 3546 ¹
110 3523 175 3586 §32
199 3523 300 3572 11-13.
328 3524 361 3573 in
389 3523 423 3582 Q.
451 3524 590 3582 Metello,
615 3529 899 3583 ...commutaret
915 3527 982 3576 with
1004 3526 1082 3576 verbs
1099 3526 1128 3574 of
1186 3539 1187 3548 ¹

14 3625 16 3655 i
78 3601 122 3650 ‘in
133 3602 180 3650 the
189 3615 249 3650 case
258 3602 287 3650 of
299 3600 331 3660 Q.
343 3601 468 3650 Meteilus
483 3601 591 3662 (Numi-
614 3603 785 3665 exchanging
796 3603 883 3652 either
895 3603 942 3652 the
954 3603 1033 3665 thing
1047 3603 1128 3664 given

14 3691 19 3736 ς
75 3677 185 3736 dicuat)
222 3677 311 3726 111100
323 3678 368 3726 the
381 3679 488 3726 tribune
497 3678 590 3727 Satur·
614 3692 645 3727 or
656 3679 702 3727 the
714 3679 794 3741 thing
805 3679 925 3728 received
944 3679 966 3727 is
977 3685 1027 3740 put
1039 3678 1068 3726 in
1081 3678 1128 3726 the

14 3771 15 3814 4
76 3753 160 3803 ninus
171 3753 273 3803 carried
286 3767 301 3801 a
316 3752 368 3803 law
379 3754 422 3803 for
438 3755 485 3803 the
501 3754 591 3803 distri·
614 3754 665 3804 abi.
676 3755 743 3804 with
755 3770 832 3806 crim:
850 3754 948 3806 Which
960 3754 1048 3804 here?
1069 3766 1127 3810 τοι,

14 3849 19 3892 t
76 3830 173 3880 bution
185 3829 214 3879 of
227 3831 273 3892 the
285 3829 363 3880 lands
375 3831 404 3880 in
417 3830 487 3880 Gaul
500 3831 590 3880 which
616 3831 779 3894 ‘struggle‘
