2876 4378
246 255 310 322 616
508 270 581 322 rao
604 271 635 323 r.
660 267 780 324 inmo
803 269 947 322 nmoxr
969 267 1117 323 oasmo.

259 459 274 503 4
296 443 436 518 viveret,
452 442 515 520 seii
532 445 632 507 etiam
648 451 790 527 praetor,
807 444 935 519 corisul,
955 443 1099 508 dictator
1115 450 1206 509 esset
1222 441 1351 527 potius,

224 548 282 613 104
293 568 395 632 quam
425 547 488 612 hoc
518 548 750 632 spectaculum
782 546 949 612 viderem!
997 547 1038 623 Ο,
1064 547 1098 611 di
1129 547 1352 620 immortales,

298 651 419 716 fortem
458 660 493 716 et
531 673 551 715 a
590 651 694 728 vobis,
737 650 872 727 iudices
908 650 1175 717 conservandum
1217 649 1351 715 virum!

300 756 469 832 ‘Minima
500 755 657 831 minime,’
689 756 811 840 inquit.
868 756 992 820 ‘Immo
1023 778 1103 821 vero
1132 777 1261 841 poenas
1297 755 1353 818 ille

299 860 427 925 debitas
451 861 572 936 luerit3
604 882 665 925 nos
688 859 877 937 subeamus,
901 862 929 924 si
954 861 1002 924 ita
1034 881 1168 926 necesse
1191 867 1255 935 est,
1285 880 1354 922 non

297 965 447 1032 debitas)
511 965 633 1030 Hicine
665 967 718 1030 vir
748 967 873 1052 patriae
908 973 1007 1030 natus
1042 987 1184 1051 usquam
1215 964 1288 1029 nisi
1321 965 1354 1026 in

245 1072 404 1155 lupatria
434 1072 595 1136 morietur
626 1077 695 1146 aut,
719 1070 746 1134 si
781 1069 877 1146 forte,
908 1092 968 1157 pro
1000 1071 1130 1156 patria?
1153 1070 1257 1133 huius
1294 1090 1355 1133 vos

297 1176 399 1239 animi
415 1183 632 1240 monumenta
650 1174 848 1250 retinebitis
867 1175 1013 1260 corporis
1037 1176 1071 1238 in
1088 1174 1187 1239 Italia
1211 1173 1355 1236 nullum

297 1279 488 1364 sepulcrum
504 1301 575 1344 esse
587 1280 786 1364 patiemini?
801 1279 891 1343 hunc
908 1301 969 1343 sua
982 1280 1161 1363 quisquam
1177 1277 1356 1342 seruantia

300 1405 341 1448 ex
366 1383 425 1448 hac
450 1383 530 1448 urbe
555 1384 712 1469 expellet,
738 1405 839 1468 quem
864 1405 977 1447 omnes
1002 1382 1098 1448 urbes
1122 1382 1313 1467 expulsum
1337 1402 1355 1443 a
1398 1453 1400 1470 2

223 1487 279 1549 105
291 1483 386 1548 vobis
409 1482 452 1547 ad
475 1506 509 1549 se
533 1483 729 1549 vocabunt?
775 1484 952 1548 Oterram
977 1484 1069 1547 illam
1093 1483 1235 1559 beatam,
1263 1505 1355 1568 quae
1398 1473 1401 1488 ¹

245 1604 273 1648 rs
296 1587 385 1653 hunc
409 1589 519 1652 virum
542 1590 720 1673 exceperit,
742 1587 826 1652 hano
851 1590 1027 1674 ingratam,
1051 1589 1079 1652 si
1103 1589 1228 1662 eicerit,
1256 1591 1358 1654 mise

296 1714 376 1769 ram,
390 1693 419 1756 si
434 1691 599 1757 amiserit!
626 1691 693 1757 Sed
709 1692 785 1756 finis
798 1694 862 1762 sit:
881 1692 1093 1776 nequeenim
1110 1713 1187 1776 prae
1200 1692 1356 1757 lacrimis
1404 1692 1405 1702 ’

298 1797 363 1859 iam
394 1797 488 1880 loqui
520 1817 664 1880 possum,
689 1804 724 1860 et
754 1796 808 1860 hic
840 1817 875 1860 se
906 1796 1051 1860 lacrimis
1082 1784 1218 1860 defendi
1242 1803 1355 1861 vetat.

298 1899 370 1964 Vos
394 1921 451 1964 oro
475 1899 700 1984 obtestorque,
725 1898 863 1976 iudices,
881 1907 920 1963 ut
936 1900 970 1962 in
986 1900 1164 1964 sententiis
1188 1897 1355 1975 ferendis,

298 2002 390 2088 quod
420 2004 582 2078 sentietis,
616 2002 650 2065 id
680 2001 841 2068 audeatis.
903 2002 1061 2067 Vestram
1085 2003 1260 2078 virtutem,
1286 2005 1357 2068 ius-

245 2124 275 2168 ao
297 2109 416 2181 titiam,
445 2106 554 2180 fidem,
584 2107 665 2168 mihi
694 2106 829 2182 credite,
862 2108 890 2170 is
921 2109 1066 2172 maxime
1096 2106 1261 2191 probabit,
1290 2110 1355 2192 qui

298 2210 532 2275 in·iudicibus
563 2210 714 2296 legendis
748 2213 913 2295 optimum
939 2220 975 2276 et
996 2211 1284 2297 sapientissimum
1319 2219 1356 2276 et

297 2314 516 2380 fortissimum
540 2335 707 2399 quemque
731 2316 844 2402 elegit.

297 2455 576 2462 -—---·-----———-
584 2457 607 2462 -
1318 2457 1356 2466 -ι

329 2520 409 2580 5104.
430 2519 511 2568 6-11.
529 2532 548 2568 a
565 2519 670 2568 vobis:
688 2521 730 2570 for
747 2534 808 2570 case
866 2522 947 2582 5105.
967 2520 1069 2570 14-16.
1087 2525 1247 2570 terram:
1265 2522 1356 2570 case?

297 2595 415 2646 ci.Sest.
433 2595 717 2658 41.12;s11u.23.a;
736 2598 805 2646 Mur.
834 2596 985 2654 miseram,
1016 2597 1045 2646 si
1078 2596 1232 2646 amiserit:
1258 2599 1356 2647 notice

297 2671 342 2720 54.
366 2673 405 2722 26.
451 2671 550 2728 luerit,
576 2673 628 2722 ‘let
657 2674 714 2722 him
739 2674 809 2723 have
835 2674 880 2722 the
892 2674 1089 2736 paronomasia.
1113 2684 1188 2734 prae
1201 2672 1354 2729 lacrimis,

297 2748 417 2808 offered,'
431 2763 447 2796 a
459 2755 560 2810 protest
572 2750 679 2812 against
691 2749 808 2799 Cicero's
836 2749 895 2798 ‘ior
906 2750 1002 2799 tearsz'
1021 2751 1050 2798 in
1068 2750 1123 2798 this
1142 2761 1219 2798 sense
1235 2763 1308 2809 prce
1331 2750 1355 2800 is

297 2825 365 2874 wish
379 2826 406 2872 in
420 2824 446 2873 11.
460 2825 516 2886 3-5,
530 2825 623 2874 above.
658 2826 690 2874 in
703 2825 808 2874 Italia:
835 2825 920 2875 found
930 2827 957 2874 in
968 2825 1061 2876 Cicero
1071 2827 1099 2875 in
1108 2825 1232 2888 negative
1243 2823 1356 2876 clauses

297 2913 327 2949 as
334 2899 369 2949 all
379 2900 476 2949 Italian
486 2907 571 2950 towns
580 2916 640 2951 now
648 2902 808 2951 hadRoman
834 2903 905 2964 only.

297 2977 578 3040 citizenship,persons
585 2979 667 3041 going
675 2979 733 3028 into
741 2978 810 3028 exile
866 2978 911 3027 20.
935 2977 1010 3027 mihi
1029 2977 1157 3036 credite,
1168 2991 1198 3026 as
1210 2977 1239 3026 in
1251 2975 1355 3028 11.1⁵.

297 3052 352 3102 had
364 3057 393 3102 to
406 3052 480 3102 leave
492 3053 563 3116 Italy
575 3054 733 3118 altogether.
841 3055 877 3106 18.
912 3055 946 3113 is,
959 3055 1019 3117 qui,
1031 3055 1185 3118 Pompeius.
