2954 4374
561 271 641 329 cnr.
665 275 688 340 s,
713 275 727 341 r
752 275 837 330 ron.
1213 265 1275 336 231

177 439 220 510 ad
243 453 396 512 senatum
414 447 635 535 Allobrogum
652 449 885 536 populumque
901 451 1043 518 litterae.
1090 452 1224 540 Siquid
1247 472 1275 518 21

177 549 218 614 de
235 550 287 614 his
303 550 400 616 rebus
416 551 525 618 dicere
551 555 665 628 vellet,
683 553 746 619 feei
771 564 983 642 potestatem.
1030 558 1146 644 Atque
1167 561 1222 626 ille

176 655 284 739 primo
299 655 435 740 quidem
452 659 610 744 negavit3
634 667 711 744 post
733 668 846 726 autern
868 662 1051 748 aliquanto,
1070 671 1141 728 toto
1156 667 1221 729 iam

176 758 300 829 indicio
316 761 469 845 exposito
491 768 593 846 atque
618 763 719 840 edito,
736 767 903 842 surrexit;
928 769 1095 851 quaesivit
1110 791 1129 833 a
1145 769 1223 834 Gal·

176 861 228 940 lis,
244 863 328 948 quid
344 864 407 930 sibi
423 874 512 931 esset
527 887 603 930 cum
619 868 670 944 iis,
688 890 789 953 quarn
811 869 853 935 ob
876 893 944 934 reni
968 870 1104 936 domurn
1128 895 1221 938 suam
1245 891 1275 936 as

176 967 356 1046 venissent,
372 969 522 1056 itemque
538 992 558 1036 a
574 971 761 1038 Volturcio.
809 973 877 1053 Qui
901 996 978 1038 eum
1002 976 1050 1040 illi
1076 976 1222 1044 breviter

175 1079 434 1160 constanterque
465 1075 724 1161 respondissent,
750 1099 809 1162 per
838 1099 938 1163 quem
968 1079 1010 1144 ad
1038 1103 1114 1145 eum
1142 1104 1222 1168 quo·

175 1178 330 1264 tiensque
347 1180 527 1255 venissent,
541 1181 820 1266 quaesissentque
837 1182 879 1246 ab
894 1205 943 1258 eo,
961 1184 1088 1249 nihilne
1105 1208 1218 1252 secum

174 1282 318 1347 esset'de
335 1283 413 1348 fatis
431 1281 605 1370 Sibyllinis
622 1284 767 1362 locutus,
784 1293 857 1350 tum
881 1287 937 1352 ille
961 1288 1073 1352 subito
1096 1291 1219 1356 scelere

174 1385 320 1464 demens,
336 1395 464 1472 quanta
487 1389 711 1453 conscientiae
730 1391 780 1454 vis
805 1399 903 1466 esset,
921 1393 1077 1457 ostendit.
1125 1393 1221 1472 Nam,
1244 1411 1275 1458 ao

173 1511 251 1553 oum
274 1489 309 1554 id
331 1499 444 1576 posset
466 1491 612 1567 infitiari,
631 1502 766 1578 repente
790 1504 921 1582 praeter
943 1499 1132 1582 opinionem
1155 1521 1222 1563 om-

173 1594 267 1658 nium
298 1594 469 1660 confessus
499 1604 561 1661 est.
622 1597 673 1662 lta
704 1621 781 1664 eum
812 1621 878 1663 non
911 1601 1008 1664 modo
1047 1603 1220 1688 ingenium

172 1698 260 1763 illud
290 1707 325 1763 et
354 1698 488 1764 dicendi
522 1703 820 1790 exercitatioque
850 1727 981 1790 semper
1013 1707 1130 1783 valuit,
1161 1708 1220 1773 sed

172 1803 272 1867 etiam
294 1811 431 1888 propter
446 1805 514 1868 vim
540 1805 674 1872 sceleris
698 1808 866 1873 manifesti
893 1818 995 1894 atque
1022 1808 1220 1896 deprehensi

172 1907 379 1993 inpudentia,
396 1932 464 1997 qua
479 1911 660 1998 superabat
677 1913 794 1989 omnis,
811 1912 1060 1998 inprobitasque
1085 1913 1219 1980 deiecit.
1243 1932 1274 1978 st

172 2011 370 2080 Volturcius
400 2037 478 2081 vero
504 2016 617 2082 subito
647 2016 775 2081 litteras
803 2016 942 2101 proferri
970 2024 1073 2102 atque
1101 2020 1221 2104 aperiri
1235 2023 1274 2087 12

171 2115 275 2195 iubet,
292 2141 375 2204 quas
392 2119 454 2184 sibi
471 2142 490 2184 a
507 2119 652 2186 Lentulo
672 2119 714 2184 ad
731 2119 910 2232 Catilinam
927 2121 1021 2186 datas
1045 2143 1116 2186 esse
1136 2122 1222 2188 dice-

171 2369 342 2428 sententium,
366 2368 380 2429 ς
410 2369 447 2418 10.
474 2367 523 2430 14;
558 2367 621 2416 here
647 2381 686 2416 we
706 2367 786 2416 bined
809 2368 936 2417 evidence
959 2369 1019 2417 that
1045 2367 1127 2418 broke
1153 2368 1222 2420 Len·

171 2443 267 2494 should
280 2450 376 2508 expect
388 2445 481 2495 datae.
707 2443 779 2493 tulus
807 2444 894 2494 down.
941 2444 1078 2493 surrexit
1107 2445 1220 2509 (surgo),

202 2520 248 2568 24.
265 2519 385 2569 indicio
410 2519 565 2582 exposito,
591 2519 685 2576 edito,
708 2520 815 2582 ‘leaped
829 2521 912 2569 tobis
925 2519 999 2570 feet'

173 2595 234 2648 ‘the
261 2598 389 2647 evidence
417 2598 518 2660 having
550 2597 617 2646 been
645 2611 684 2646 ar·
736 2597 782 2645 2⁵.
800 2596 877 2658 quid
894 2596 955 2646 sibi
979 2600 1154 2670 essetueum
1173 2599 1220 2657 its,

171 2675 270 2738 ranged
293 2675 347 2724 and
375 2680 424 2738 put
449 2675 476 2723 in
501 2674 591 2724 form!
627 2674 685 2723 The
705 2682 767 2736 etc,
788 2676 876 2724 ‘what
894 2676 1016 2725 business
1035 2677 1069 2725 he
1085 2678 1138 2728 had
1152 2677 1220 2727 vvith

171 2751 266 2800 stories
283 2751 314 2800 oi
331 2751 378 2800 the
397 2750 481 2800 Ganls
500 2750 554 2798 and
575 2749 684 2800 Voltur·
705 2754 779 2802 them
793 2759 821 2802 to
833 2753 911 2814 bring
923 2752 997 2801 them
1010 2756 1039 2800 to
1054 2753 1097 2802 bis
1114 2754 1217 2804 house)

171 2827 237 2887 cius,
250 2827 304 2876 and
323 2827 369 2876 the
390 2826 481 2876 letters
500 2826 530 2876 oi
546 2827 592 2876 the
610 2826 684 2875 three
705 2842 797 2890 quam
809 2828 851 2878 ob
862 2840 935 2884 rem,
948 2827 1069 2890 relative,
1080 2835 1128 2878 not
1138 2831 1220 2880 inter·

171 2904 362 2966 conspirators,
392 2903 487 2966 agreed
516 2903 544 2952 in
577 2903 683 2966 general
705 2907 825 2968 rogative
836 2905 934 2954 clause.

171 2981 237 3029 vvith
253 2994 328 3030 some
346 2979 505 3042 repetitions
524 2980 577 3028 and
597 2980 684 3028 minor
736 2981 781 3029 2⁷.
799 2979 1217 3044 constanter,‘consistently;’

171 3056 337 3108 differences.
379 3057 459 3106 Alter
481 3055 516 3106 all
539 3056 593 3105 had
617 3057 682 3106 been
705 3058 758 3117 i.e.‚
772 3057 807 3106 all
825 3057 883 3106 told
901 3057 948 3108 the
961 3071 1035 3108 same
1047 3061 1129 3119 story.
1163 3071 1219 3120 per

171 3135 278 3184 written
297 3135 376 3186 down
396 3135 431 3197 by
451 3133 498 3184 the
520 3133 616 3194 clerks,
637 3133 684 3182 the
703 3146 803 3195 quem,
815 3148 839 3197 p.
854 3134 895 3196 34,
909 3135 923 3197 ς
937 3135 976 3186 58.

170 3211 271 3261 several
288 3217 364 3275 parts
380 3225 449 3262 vvere
466 3210 596 3273 caretully
613 3224 683 3260 com·
735 3209 835 3260 28-30.
853 3223 969 3267 seeum,
989 3213 1035 3262 ‘to
1055 3211 1150 3274 them‚'
1170 3212 1218 3262 the

170 3289 261 3350 pared,
274 3290 321 3339 the
338 3290 407 3338 facts
420 3301 488 3338 were
505 3287 636 3350 arranged
654 3288 682 3336 in
703 3287 807 3350 regular
824 3289 1009 3338 construction
1026 3288 1091 3337 with
1110 3289 1215 3350 loquor.

170 3365 241 3414 theb
258 3379 354 3429 proper
366 3366 452 3426 order,
465 3365 520 3413 and
536 3365 583 3414 the
596 3363 683 3414 vvbole
703 3367 820 3424 quanta
842 3399 849 3411 .
869 3399 874 3412 .
895 3399 901 3412 .
925 3367 1018 3421 esset,
1043 3365 1120 3415 ‘how
1142 3370 1218 3429 great

170 3455 225 3491 vvas
236 3442 302 3492 then
311 3442 404 3505 copied
416 3446 464 3491 ont
473 3441 501 3489 in
510 3455 526 3489 a
535 3441 682 3490 connected
703 3477 709 3489 .
730 3475 736 3489 .
757 3475 763 3489 .
783 3439 832 3502 is3'
851 3441 986 3504 ageneral
998 3443 1075 3491 truth
1092 3441 1116 3492 is
1128 3447 1178 3504 put
1189 3442 1218 3490 in

170 3519 224 3568 and
240 3519 369 3569 coherent
385 3520 464 3568 form.
500 3518 632 3579 deposito
644 3531 682 3566 re·
702 3518 750 3568 the
766 3522 875 3580 present
892 3523 967 3568 tense
985 3519 1013 3567 in
1032 3519 1155 3583 English,
1169 3519 1218 3568 but

169 3595 225 3645 fers
241 3600 270 3646 to
286 3597 334 3646 the
350 3596 446 3658 sitting
460 3595 514 3646 and
527 3594 683 3658 arranging3
703 3595 731 3643 in
744 3594 825 3643 Latin
838 3594 942 3646 follows
953 3595 1001 3644 the
1012 3610 1151 3658 sequence.

171 3672 253 3734 edito,
265 3678 295 3724 to
306 3673 354 3722 the
365 3673 486 3734 drawing
502 3685 539 3734 up
556 3671 584 3720 in
602 3671 680 3720 torm.
735 3672 800 3732 512.
819 3669 864 3720 36.
882 3671 1011 3720 litteras.
1032 3672 1134 3723 Sallust
1143 3673 1217 3736 gives

170 3747 198 3796 It
229 3763 284 3798 was
316 3749 365 3800 the
398 3748 593 3811 completeness
629 3747 681 3795 and
703 3746 749 3795 the
769 3745 847 3795 letter
869 3746 897 3796 in
920 3760 937 3794 a
959 3745 1068 3809 slightly
1089 3748 1217 3798 different

169 3825 466 3888 straightiorvvardness
487 3824 519 3876 oi
544 3825 592 3874 the
611 3837 682 3874 com·
701 3822 785 3872 form:
802 3821 959 3899 seeExe51.
975 3821 1058 3874 set.
