2936 4376
488 317 569 376 cir.
594 316 682 386 sero,
707 319 721 386 r
744 316 831 376 usi.
961 341 965 350 ·
1168 297 1231 374 tii

128 506 251 563 natura
281 496 440 562 facillime
472 497 626 581 perspici,
654 494 766 560 subito
797 492 886 559 flecti
925 495 1074 581 fingique
1112 517 1178 559 non

64 611 67 618 '
129 625 237 688 posse.

174 723 280 770 xxix.
313 705 406 785 Quid
431 706 535 770 vero?
560 705 641 770 haec
657 705 840 770 auctoritas
860 707 1009 789 (semper
1024 705 1113 768 enim
1129 714 1179 770 est
1191 708 1232 770 80

129 812 171 876 de
199 833 238 876 ea
265 809 455 886 dicendum,
480 830 684 894 quamquam
711 831 731 872 a
756 829 807 873 me
835 807 952 874 timide
983 808 1179 894 modiceque

129 916 292 998 dicetur),
317 914 426 999 quid?
452 915 599 998 iuquam,
622 913 702 978 haee
730 913 911 978 auctoritas
939 921 1062 985 nostra,
1079 914 1180 997 quia

128 1021 249 1097 ceteris
272 1019 511 1084 coniurationis
534 1019 643 1082 causis
662 1017 900 1093 abstinuimus,
918 1017 956 1080 P.
977 1017 1104 1082 Sullam
1127 1017 1181 1082 de·

129 1123 309 1200 sendimus,
327 1123 411 1186 nihil
434 1123 524 1186 hunc
548 1120 683 1186 tandem
707 1121 861 1186 iuvabit?
908 1121 1018 1186 Grave
1041 1131 1092 1186 est
1117 1122 1178 1186 hoo
1216 1137 1230 1180 s

129 1228 224 1293 dictu
248 1227 398 1303 fortasse,
415 1227 553 1302 iudices»,
567 1247 680 1312 grave,
697 1225 725 1289 si
749 1226 938 1310 appetimus
961 1225 1106 1310 aliquid;
1139 1227 1177 1301 si,

128 1353 206 1397 cum
222 1333 324 1396 ceteri
339 1331 380 1396 de
398 1331 494 1395 nobis
510 1332 623 1406 silent,
639 1351 706 1394 non
730 1330 833 1394 etiam
855 1338 986 1394 nosmet
1007 1331 1070 1413 ipsi
1094 1338 1179 1394 tace·

128 1457 214 1511 mus,
246 1457 368 1522 gmve3
407 1434 476 1511 sed,
507 1435 536 1498 si
574 1433 748 1509 laedimur,
779 1435 807 1496 si
847 1454 1052 1508 accusamur,
1084 1434 1111 1497 si
1143 1435 1177 1496 iu

129 1540 294 1606 invidiam
310 1559 476 1614 vocamur,
494 1537 646 1622 proiecto
661 1537 855 1612 conceditis
873 1536 1011 1612 iudices,
1028 1544 1068 1600 ut
1083 1536 1178 1602 nobis

108 1644 319 1708 'libertatem
344 1643 490 1708 retinere
518 1642 628 1718 liceat,
644 1641 673 1706 si
701 1642 812 1704 minus
840 1641 941 1705 liceat
968 1640 1177 1726 dignitatem.
1203 1657 1230 1702 10

129 1749 291 1813 Accusati
307 1755 389 1812 sunt
411 1768 480 1810 uno
502 1747 635 1810 nomine
658 1747 859 1820 consulares,
876 1753 916 1809 ut
938 1745 1000 1808 iam
1025 1744 1227 1810 videaturssl

129 1852 263 1916 honoris
279 1851 474 1936 amplissimi
491 1871 612 1914 nomen
628 1850 705 1934 plus
721 1849 867 1914 invidiae
884 1870 984 1934 quam
1003 1848 1177 1934 dignitatis

127 1956 268 2021 adferre.
317 1953 554 2029 ‘Adluerunt'
571 1955 693 2038 inquit,
712 1953 899 2020 ‘Catilinae
923 1953 1086 2038 illumque
1109 1954 1178 2017 lau·

128 2058 272 2124 darunt'
319 2058 423 2122 Nulla
439 2067 511 2122 tum
535 2057 679 2142 patebat,
696 2058 791 2121 nulla
814 2065 886 2122 erat
907 2059 1043 2143 cognita
1066 2059 1177 2122 coniu-

128 2165 233 2239 reti03
258 2161 488 2228 defendebant
502 2163 655 2238 amicum,
672 2161 811 2226 aderant
826 2162 981 2246 supplici,
999 2163 1088 2226 vitae
1105 2163 1177 2227 eius
1200 2178 1229 2224 is

161 2409 206 2460 36.
223 2410 308 2466 flecti
325 2410 467 2472 fingique,
479 2423 509 2459 as
527 2425 586 2468 can,
606 2424 641 2459 on
664 2411 805 2474 repeating
821 2411 888 2472 qnid
900 2425 980 2460 vero:
998 2410 1032 2460 ci.
1052 2411 1066 2472 §
1083 2409 1121 2462 is.
1136 2411 1175 2460 24.

130 2489 176 2537 the
197 2489 275 2537 other
292 2488 375 2548 hand,
396 2489 443 2537 the
463 2488 591 2538 evidence
613 2487 642 2536 oi
664 2487 793 2536 ceteris:
821 2487 977 2536 mentioned
1000 2501 1026 2550 p.
1040 2488 1080 2548 40,
1102 2488 1174 2549 571.

130 2566 216 2614 slaves
239 2578 311 2626 upon
332 2565 380 2613 the
402 2565 476 2614 racis.
519 2564 572 2613 For
594 2563 641 2613 ihc
663 2562 1176 2623 abstinuimus,i.e.‚asdesensorand

129 2642 246 2704 thought
258 2641 293 2691 ci.
308 2641 373 2702 569.
387 2641 411 2702 5,
424 2641 448 2691 6.
664 2639 802 2700 laudator,
818 2640 844 2687 in
862 2639 965 2688 several
983 2653 1058 2689 cases
1071 2640 1104 2690 he
1121 2639 1175 2688 had

663 2717 743 2778 given
764 2717 909 2778 testimony
931 2717 974 2765 ior·
987 2717 1035 2765 the
1054 2729 1177 2778 prosecu-

161 2793 266 2856 Finaiiy
280 2794 321 2856 (ἐξ
332 2791 423 2856 sti-87)
437 2793 641 2844 Cicerothrows
662 2792 729 2842 tion.
764 2804 858 2854 aava
869 2794 926 2848 est,
937 2792 1040 2842 ‘would
1053 2793 1177 2842 beoiien·

130 2871 175 2920 tire
187 2871 287 2933 weight
298 2870 327 2919 oi
344 2870 387 2919 iris
398 2869 522 2932 personai
534 2870 641 2919 charac-
663 2869 745 2918 sivet’
766 2869 809 2918 iot·
823 2869 902 2918 mood
915 2883 959 2918 see
976 2884 1010 2917 on
1030 2870 1051 2918 i.
1069 2869 1114 2918 12.
1132 2871 1176 2931 26;

129 2953 170 2995 ter
192 2946 251 2996 into
270 2947 316 2996 the
332 2946 416 2996 scales
434 2947 477 2996 ior
494 2946 577 3006 Sulis,
597 2946 641 2994 de·
663 2946 710 2995 the
732 2946 849 3007 position
873 2946 902 2994 oi
924 2960 1007 3004 grase
1031 2945 1176 2996 illustratos

129 3022 231 3086 claring
242 3023 303 3072 thet
314 3023 348 3071 he
360 3023 414 3072 irad
426 3022 512 3073 found
525 3023 642 3084 nothing
664 3023 729 3071 both
740 3023 881 3084 anaphora
898 3023 951 3072 and
969 3023 1113 3072 ciriasrnus.
1148 3022 1176 3070 si

129 3099 234 3160 against
245 3099 304 3147 him
316 3099 396 3148 while
413 3099 448 3148 he
459 3113 514 3149 was
532 3099 642 3148 investi·
663 3099 839 3160 appetimus
857 3097 983 3159 aliquid,
998 3099 1035 3147 ‘ii
1053 3113 1091 3148 we
1110 3113 1176 3148 uere

129 3176 221 3237 garing
233 3175 279 3224 the
291 3177 457 3238 conspiracy.
493 3176 533 3237 By
543 3189 600 3238 way
612 3175 642 3224 oi
663 3176 743 3236 suing
755 3175 955 3237 foranything)
990 3175 1175 3232 libertatem,

75 3298 78 3304 ,
130 3253 271 3300 transitiou
284 3257 314 3300 to
325 3252 380 3301 this
398 3252 548 3314 important
564 3253 642 3315 point
666 3250 800 3300 ‘ireedom
818 3252 847 3300 oi
864 3251 979 3313 speech!
1015 3251 1175 3301 siminus:

129 3327 163 3374 he
180 3341 295 3376 auswers
313 3325 354 3388 (ἐξ
365 3328 406 3388 81,
419 3329 462 3388 82)
477 3329 523 3378 the
531 3329 642 3390 charges
664 3341 707 3378 see
719 3342 754 3377 on
767 3328 789 3378 Ι.
803 3328 847 3378 22.
860 3330 882 3376 6.

130 3403 207 3451 made
229 3403 264 3465 by
287 3404 440 3466 Torquatus
463 3406 569 3466 against
595 3405 642 3454 the
696 3406 761 3465 §81-
780 3404 881 3452 11-13.
899 3416 962 3453 uno
973 3405 1106 3462 nomine.
1121 3404 1177 3456 ‘to-

131 3479 295 3528 consulores.
663 3481 783 3543 gethem'
799 3495 842 3530 see
854 3496 889 3530 on
900 3482 969 3530 Mur.
983 3481 1075 3530 8214.
1111 3481 1176 3530 Ad-

161 3555 226 3620 §Sh
245 3555 327 3604 1-10.
346 3555 429 3615 Quid
440 3568 532 3606 vero:
550 3571 593 3607 see
606 3571 640 3606 on
662 3558 788 3607 inerunt
801 3556 960 3614 catilinae.
974 3559 1001 3606 in
1014 3559 1057 3607 his
1070 3559 1130 3608 trial
1147 3560 1175 3608 in

130 3630 182 3679 ΙΙΙ.
206 3631 251 3680 22.
275 3632 314 3682 30.
350 3633 530 3690 auotoritas,
556 3649 585 3683 as
613 3635 641 3683 in
663 3635 695 3684 65
712 3635 900 3683 forestortiou
920 3634 957 3696 (p.
972 3635 1011 3685 24.
1026 3635 1175 3694 §iilhand

131 3707 159 3768 ἓξ
169 3708 206 3758 10.
216 3709 260 3769 68;
271 3711 295 3758 2.
306 3710 344 3758 19.
372 3721 501 3771 semper,
512 3713 555 3758 ‘at
563 3724 642 3772 every
664 3711 691 3759 in
710 3711 741 3759 oi
759 3711 803 3760 ior
817 3711 932 3770 murder,
946 3711 1065 3773 growing
1082 3717 1131 3760 out
1147 3712 1177 3762 oi

130 3784 211 3845 iurn‚'
236 3785 290 3846 ie,
315 3786 343 3834 in
366 3785 401 3834 all
424 3799 499 3835 cases
521 3787 642 3850 growing
664 3786 762 3838 Suila's
781 3787 957 3850 proscription
980 3786 1016 3849 (p.
1031 3789 1071 3847 21,
1091 3785 1103 3843 i
1121 3789 1174 3848 26).

130 3865 176 3910 out
202 3862 232 3912 oi
254 3863 300 3913 the
322 3863 487 3928 conspiracy.
538 3863 640 3926 quid,
663 3863 1173 3927 laudaruntzcr.uxc.11.§rssdfin
