2954 4374
237 243 300 316 ιιι
501 261 640 318 calmo
662 261 703 319 ru
725 261 936 318 carrorum
960 263 1104 318 ιιιιιιι.

281 437 349 487 alios
369 439 508 490 iracundia
528 438 592 489 dicit
582 446 633 500 tur,
653 454 684 488 ea
702 441 730 489 in
749 442 793 490 im·
818 442 921 502 timere,
939 456 1000 490 curn
1021 455 1080 491 earn
1100 443 1127 491 in
1141 443 1249 492 maiore
1266 457 1331 508 neg·
1320 446 1368 492 -25

282 514 357 576 perio
368 515 493 579 snperbia
505 521 585 578 atque
594 516 738 570 crudelitas
750 533 796 580 ap·
818 518 935 580 legeris?

245 598 273 643 lb
282 589 413 652 pellatur.
439 591 572 652 Equidem
586 606 635 654 ego
647 607 684 641 stc
697 595 795 642 existn-
849 593 888 641 At
899 594 972 641 enim
985 595 1045 656 quis
1058 595 1243 657 reprehendet,
1257 597 1328 658 quod

282 682 335 724 mo,
345 672 436 730 patres
445 673 580 730 conscrrp
584 669 599 729 i,
612 683 701 718 omnrs
712 683 794 718 crucr
818 671 845 718 in
868 671 1014 733 parricidas
1037 671 1073 720 rei
1097 671 1221 732 publicae
1241 673 1339 722 deere-

281 749 341 794 atus
349 759 466 794 minores
473 759 553 807 quana
562 740 794 795 facinorarllornm
817 751 875 795 tum
891 747 966 795 erit?
1000 747 1118 808 Tempus
1131 748 1189 797 dies
1209 749 1327 809 fortuna,

281 834 351 870 esse:
368 821 413 870 sed
421 821 542 883 plerique
554 821 682 870 mortales
694 827 794 884 postte
816 823 893 872 cuius
910 823 1002 872 lubido
1021 825 1147 886 gentibus
1164 825 1284 874 moderat
1274 831 1326 875 tur.

280 911 326 946 ma
337 898 483 947 meminere
494 898 560 948 etin
573 898 753 976 hominibus
747 913 794 947 un-
816 898 874 948 Illis
886 900 983 948 merito
994 901 1098 950 accidet
1099 901 1242 964 ,quicquid
1250 916 1329 951 even-
1337 908 1367 954 26

280 987 332 1036 pns
344 973 450 1022 sceleris
462 988 555 1023 eorum
566 974 643 1023 obl1tr
656 974 698 1023 de
705 961 794 1040 poena
808 976 878 1038 'erit3
914 972 1033 1025 ceterum
1061 991 1119 1038 vos,
1149 983 1238 1040 patres
1266 993 1329 1027 con·
1416 974 1418 979 ’

280 1050 423 1111 disserunt,
438 1065 459 1099 sr
469 1065 500 1100 ea
511 1051 593 1112 paulo
602 1065 719 1100 severior
730 1051 790 1101 fur
773 1056 898 1114 scrip
900 1067 917 1113 1,
940 1053 1006 1114 qnid
1036 1053 1063 1100 in
1099 1051 1166 1101 alios
1203 1058 1304 1102 statuat
1307 1055 1328 1102 is

311 1127 344 1178 D.
359 1128 490 1190 Silanum,
501 1129 589 1177 virum
601 1129 700 1178 fortem
712 1134 793 1192 atque
815 1129 990 1178 considerate.
1034 1129 1134 1178 Omnia
1151 1129 1222 1178 mala
1239 1139 1365 1184 exem-27

244 1205 272 1250 16
280 1209 428 1264 strenuum,
442 1210 516 1254 certo
534 1204 589 1253 scio
606 1219 675 1267 quae
695 1205 793 1255 dixerit
815 1204 860 1266 pla
883 1219 917 1254 ex
936 1205 1013 1254 bonis
1036 1211 1096 1254 orta
1116 1211 1193 1268 sunt;
1215 1206 1261 1255 sed
1282 1207 1328 1255 ubi

280 1281 369 1330 studio
376 1281 412 1330 rei
422 1280 543 1343 publicae
551 1281 658 1338 dixisse,
669 1295 756 1344 neque
765 1282 794 1330 il·
816 1283 957 1343 imperium
969 1281 1003 1330 ad
1019 1283 1125 1344 ignaros
1145 1283 1202 1331 eius
1219 1289 1266 1330 aut
1279 1284 1328 1330 rni-

279 1356 336 1406 lum
348 1358 377 1407 in
389 1363 466 1406 tanta
474 1371 503 1406 re
519 1359 634 1419 gratiam
644 1363 691 1406 aut
704 1360 791 1407 inimi·
815 1372 865 1407 nus
886 1359 970 1407 bonos
993 1359 1124 1420 pervenit,
1144 1372 1244 1407 novom
1261 1359 1327 1408 illud

279 1434 356 1482 citias
368 1447 502 1483 exercere:
519 1448 564 1484 eos
576 1448 663 1482 mores
680 1448 792 1497 eamque
814 1435 968 1496 exemplum
980 1435 1015 1483 ab
1026 1435 1115 1498 dignis
1128 1440 1155 1484 et
1172 1435 1276 1484 idoneis
1293 1437 1327 1485 ad

244 1514 270 1560 ιι
280 1510 439 1559 modestiam
463 1511 513 1559 viri
532 1512 653 1573 cognovi.
689 1511 791 1576 Verum
815 1513 939 1575 indignos
955 1517 981 1560 et
999 1526 1054 1560 non
1071 1512 1182 1562 idoneos
1199 1513 1328 1562 transfer-

279 1590 413 1638 sententla
424 1589 481 1639 eius
493 1589 560 1637 milri
571 1603 626 1637 non
639 1590 753 1638 crudelis
761 1617 790 1624 —
814 1593 865 1636 tur.
896 1587 1102 1638 Lacedaemonii
1116 1589 1230 1638 devictis
1242 1587 1366 1646 Athe-28

279 1665 342 1727 quid
355 1665 428 1714 enirn
441 1666 469 1714 in
480 1665 543 1714 talis
553 1665 677 1714 homines
686 1667 791 1715 crudele
814 1664 951 1714 niensibus
961 1665 1073 1724 triginta
1081 1665 1153 1715 viros
1165 1666 1325 1728 imposuere,

280 1742 334 1790 lieri
344 1747 432 1803 potest
442 1742 547 1790 l—sed
560 1741 648 1790 aliena
659 1757 675 1791 a
687 1757 714 1790 re
727 1744 791 1804 pub·
813 1743 858 1803 qui
876 1756 932 1790 rem
949 1741 1086 1804 publicam
1112 1755 1204 1792 eorum
1228 1747 1327 1792 tracta-

242 1822 270 1867 18
279 1817 330 1867 lica
357 1823 450 1867 nostra
472 1819 586 1868 videtur.
633 1819 704 1868 Nam
732 1834 791 1882 pro·
813 1824 880 1866 rent.
916 1819 948 1866 Ei
956 1819 1043 1881 primo
1051 1833 1163 1882 coepere
1171 1831 1365 1882 pessumum29

278 1897 349 1946 fecto
359 1901 406 1946 aut
415 1901 503 1945 metus
513 1901 560 1946 aut
569 1898 669 1946 iniuria
679 1902 706 1947 te
716 1899 792 1947 sube-
812 1909 944 1957 quemque
962 1901 989 1944 et
1006 1897 1132 1946 omnibns
1150 1896 1269 1946 invisum
1286 1897 1324 1946 in-

278 1973 325 2034 git,
345 1973 443 2034 Silane,
463 1973 601 2022 consulem
620 1974 789 2036 designatum
812 1973 970 2020 demnatum
997 1987 1111 2023 necare:
1149 1989 1181 2024 ea
1210 1973 1325 2036 populus

277 2062 362 2112 genus
383 2063 487 2112 poenae
509 2063 609 2099 novom
637 2051 787 2100 decernere.
813 2048 1213 2100 laetarietrneritodicerefieri.
1249 2051 1364 2110 Poetae

241 2135 265 2173 ιιι
278 2127 318 2175 De
327 2127 423 2175 timore
435 2138 672 2186 supervacaneum
689 2132 730 2176 est
739 2127 791 2176 dis·
812 2125 857 2174 ubi
870 2125 1002 2187 paulatim
1014 2125 1124 2175 licentia
1141 2127 1234 2188 crevit,
1249 2128 1325 2176 iuxta

277 2217 371 2265 serere,
390 2217 452 2252 cum
471 2204 630 2265 praesertim
650 2204 790 2267 diligentia
813 2200 896 2249 bonos
913 2205 939 2249 et
957 2200 1041 2250 malos
1059 2200 1209 2251 lubidinose
1226 2200 1326 2251 interfi-

277 2278 425 2328 clarissumi
439 2280 487 2328 viri
497 2279 616 2329 consulis
629 2284 706 2329 tanta
716 2293 790 2343 prae·
811 2291 878 2336 cere,
908 2282 1010 2326 ceteros
1037 2283 1112 2326 metu
1148 2284 1259 2328 terrere:
1286 2279 1324 2328 ita
1333 2283 1362 2329 31

238 2357 445 2406 20sidiasintin
456 2357 545 2406 armis.
581 2355 622 2405 De
633 2369 721 2418 poena
731 2371 790 2419 pos-
811 2354 906 2403 civitas
928 2355 1059 2403 servitute
1082 2368 1209 2416 oppressa
1226 2355 1324 2405 stultae

276 2423 335 2482 sum
352 2434 476 2495 equidem
496 2433 592 2494 dicere,
611 2432 637 2481 id
658 2433 728 2495 quod
749 2448 789 2484 res
811 2429 931 2478 laetitiae
968 2430 1058 2493 gravis
1099 2444 1201 2492 poenas
1239 2431 1321 2480 dedit.

277 2511 365 2571 habet,
377 2510 404 2557 in
417 2508 491 2558 luctu
501 2514 582 2572 atque
591 2509 707 2559 miseriis
720 2524 789 2558 mor·
810 2506 910 2556 Nostra
926 2507 1057 2556 memoria
1067 2507 1155 2558 ulctor
1170 2507 1245 2557 Sulla
1261 2514 1363 2560 cum32

277 2593 331 2636 tem
358 2600 549 2635 aerumnarum
578 2587 707 2649 requiem,
733 2601 787 2635 non
811 2583 1008 2645 Damasippum
1027 2587 1055 2632 et
1075 2583 1142 2634 alios
1162 2584 1220 2634 eius
1240 2585 1322 2647 modi,

275 2663 424 2712 cruciatum
442 2677 508 2722 esse,
526 2676 586 2710 eam
604 2668 702 2711 cuncta
720 2677 788 2711 mor·
810 2660 854 2722 qui
879 2659 950 2708 nralo
972 2660 1010 2709 rei
1030 2659 1154 2722 publicae
1174 2666 1321 2724 creverant,
1352 2653 1356 2662 ’

275 2739 370 2788 talium
379 2738 450 2787 mala
458 2738 610 2798 dissolvere,
621 2738 693 2787 ultra
701 2753 788 2801 neque
809 2736 924 2798 iugulari
947 2736 1036 2799 iussit,
1057 2737 1117 2799 quis
1141 2751 1196 2786 non
1219 2737 1324 2787 factum

275 2830 353 2864 curae
375 2829 462 2877 neque
484 2815 582 2876 gaudio
605 2813 696 2863 locum
719 2829 785 2864 esse.
810 2813 865 2862 eius
882 2812 1036 2862 laudabat?
1057 2813 1181 2864 homines
1198 2814 1324 2864 scelestos

236 2899 264 2943 21
275 2893 334 2952 Sed,
348 2906 396 2954 per
412 2891 476 2939 deos
493 2890 663 2950 immortalis,
677 2904 787 2952 quamo-
809 2893 836 2938 et
853 2888 989 2950 factiosos,
1008 2888 1055 2951 qui
1072 2889 1250 2940 seditionibus
1267 2904 1323 2940 rem

276 2969 349 3017 brem
361 2969 389 3016 in
401 2967 565 3016 sententiam
579 2981 635 3016 non
648 2967 785 3026 addidisti,
810 2964 944 3027 publicam
953 2966 1165 3028 exagitaverant,
1174 2967 1271 3016 merito
1277 2980 1325 3016 ne·

275 3046 313 3093 uti
337 3044 411 3106 prius
434 3042 589 3093 verberibus
611 3043 640 3091 ln
663 3058 708 3093 eos
730 3044 788 3092 ani·
809 3047 883 3091 catos
894 3042 1010 3092 aiebant.
1046 3041 1099 3092 Sed
1111 3057 1143 3092 ea
1155 3056 1196 3092 res
1208 3046 1363 3106 magnae33

236 3120 508 3173 22nradvorteretur?
557 3117 602 3169 Αιι
641 3120 706 3183 quia
744 3121 786 3169 lex
811 3119 919 3168 initium
931 3118 1015 3168 cladis
1024 3118 1087 3167 fuit.
1121 3118 1192 3168 Nam
1202 3120 1242 3168 uti
1251 3119 1324 3182 quis·

275 3197 369 3246 Porcia
380 3202 453 3245 vetat
464 3197 478 3245 i
511 3195 549 3245 At
561 3196 629 3246 aliae
641 3196 712 3259 leges
723 3197 787 3245 item
809 3209 861 3257 qne
878 3195 988 3245 domum
1005 3199 1054 3244 aut
1064 3193 1167 3257 villam,
1187 3201 1324 3258 postremo

274 3273 461 3324 condemnatis
473 3273 575 3323 civibus
593 3287 648 3323 non
667 3274 787 3323 animam
809 3286 856 3321 vas
868 3277 915 3330 aut
925 3272 1119 3322 vestimentum
1130 3271 1244 3322 alicuius
1260 3286 1324 3322 con·
1341 3298 1344 3303 ·

273 3351 348 3412 eripi,
360 3351 406 3399 sed
418 3349 543 3399 exsilium
554 3349 673 3411 permitti
682 3350 785 3399 iubent.
810 3349 956 3410 cupiverat,
975 3348 1058 3398 dabat
1074 3363 1193 3411 operam,
1206 3354 1237 3398 ut
1254 3349 1277 3399 ls
1293 3349 1323 3398 ln

235 3428 319 3477 aasn
357 3426 421 3489 quia
451 3427 558 3489 gravius
586 3431 626 3474 est
654 3426 787 3474 verberari
810 3425 1020 3487 proscriptomm
1034 3438 1149 3474 numero
1166 3431 1243 3476 esset.
1279 3425 1362 3478 Itane

273 3517 353 3565 quarn
371 3503 483 3552 necari?
522 3500 592 3562 Quid
609 3507 700 3551 autem
718 3516 789 3551 acer·
811 3501 858 3559 illi,
878 3501 974 3564 quibus
997 3501 1156 3564 Damasippi
1179 3517 1251 3552 mors
1270 3502 1324 3551 lae·

273 3580 336 3630 bum
351 3585 400 3630 aut
416 3580 497 3628 nimis
510 3593 590 3641 grave
610 3584 651 3628 est
669 3578 696 3626 in
714 3580 788 3627 horn·
811 3578 887 3626 titiae
899 3577 996 3639 fuerat,
1006 3577 1088 3640 paulo
1099 3583 1161 3641 post
1173 3579 1223 3641 ipsi
1235 3579 1324 3628 trahe·

234 3658 330 3708 mines
363 3657 434 3706 tanti
469 3655 596 3704 facinoris
629 3655 789 3704 convictos?
811 3654 918 3716 bantur,
929 3667 1016 3716 neque
1027 3656 1102 3717 prius
1112 3655 1173 3704 finis
1183 3655 1323 3718 iugulandi

272 3734 320 3784 Sin
355 3733 418 3796 quia
445 3731 531 3782 levius
564 3736 613 3792 est,
646 3733 692 3793 qui
728 3745 790 3780 con·
811 3731 969 3792 fuit,quam
986 3730 1060 3780 Sulla
1077 3731 1166 3781 omnis
1182 3732 1324 3781 suosdivi·

272 3810 348 3862 venit
377 3809 407 3859 ln
433 3809 537 3857 minore
565 3808 674 3872 negotio
703 3807 789 3870 legem
811 3806 990 3871 tiisexplevit.
1025 3807 1363 3876 Atqueegolraecnoneo
