2924 4372
237 340 299 411 170
554 351 626 407 rao
650 351 679 406 t.
705 348 863 407 Muenna
887 349 1035 408 oberro.

235 542 320 604 29et
337 545 477 601 tractare
495 536 637 600 videare.
685 535 898 620 Quapropter
913 558 980 600 non
1007 536 1116 601 solum
1142 536 1200 601 illa
1224 539 1331 624 gloria
1398 534 1399 539 ’

286 642 439 706 militaris
456 642 576 705 vestris
593 641 745 704 formulis
762 648 864 725 atque
887 641 1074 706 actionibus
1098 642 1332 726 anteponenda

235 763 262 806 as
286 755 346 822 est,
366 768 481 810 verum
498 746 598 810 etiam
615 743 749 808 dicendi
773 744 981 809 consuetudo
1005 745 1104 832 longe
1129 754 1163 810 et
1186 747 1330 810 multum

286 852 342 916 isti
370 857 498 915 vestrae
527 850 760 914 exercitationi
784 848 826 912 ad
850 849 1008 914 honorem
1035 851 1219 915 antecellit.
1266 849 1333 914 Ita-

286 977 352 1041 que
370 955 450 1018 mihi
467 954 625 1020 videntur
640 953 793 1038 plerique
816 954 912 1018 initio
941 955 1047 1018 multo
1074 954 1136 1019 hoc
1163 955 1330 1032 maluisse,

284 1067 371 1144 post,
388 1080 464 1124 cum
482 1058 516 1122 id
531 1058 671 1143 adsequi
694 1079 761 1121 non
789 1059 987 1143 potuissent,
1006 1060 1092 1123 istuc
1118 1060 1332 1147 potissimum

284 1172 365 1228 sunt
395 1163 532 1247 delapsi.
596 1162 645 1227 Ut
675 1163 772 1226 aiunt
802 1163 837 1226 in
874 1162 1009 1228 Graecis
1046 1163 1233 1229 artificibus
1274 1187 1330 1230 eos

234 1285 262 1329 ao
284 1266 442 1332 auloedos
458 1288 540 1343 esse,
559 1267 619 1351 qui
635 1265 819 1331 citharoedi
836 1267 906 1331 fieri
923 1289 990 1331 non
1007 1268 1189 1352 potuerint,
1205 1267 1253 1332 sio
1270 1290 1330 1332 nos

285 1373 447 1448 videmus,
473 1373 532 1456 qui
557 1379 704 1437 oratores
733 1372 872 1437 evadere
897 1394 964 1436 non
998 1373 1180 1458 potuerint,
1208 1395 1264 1438 eos
1289 1373 1331 1437 ad

285 1479 365 1542 iuris
381 1477 532 1542 studium
549 1476 715 1543 devenire.
765 1477 910 1564 Magnus
933 1477 1066 1542 dicendi
1089 1477 1191 1554 labor,
1210 1500 1332 1564 magna

284 1605 346 1659 res,
369 1604 488 1668 magna
513 1581 671 1668 dignitas,
698 1604 826 1646 summa
853 1589 966 1646 autem
988 1583 1106 1668 gratia.
1153 1581 1288 1647 Etenim
1312 1604 1332 1646 a

284 1687 377 1752 vobis
408 1686 586 1752 salubritas
620 1686 793 1772 quaedam,
825 1686 866 1751 ab
896 1688 947 1764 iis,
980 1689 1039 1772 qui
1076 1686 1204 1764 dicunt,
1237 1687 1329 1753 salus

233 1808 262 1854 35
283 1794 355 1878 ipsa
371 1793 506 1879 petitur.
554 1791 686 1856 Deinde
705 1799 815 1856 vestra
831 1813 988 1877 responsa
1011 1801 1113 1877 atque
1138 1786 1272 1856 decreta
1297 1800 1332 1857 et

284 1906 484 1964 evertuntur
510 1919 608 1982 saepe
632 1896 774 1961 dicendo
805 1904 840 1961 et
866 1897 938 1962 sine
966 1895 1160 1962 defensione
1189 1892 1329 1961 oratoris

284 2003 379 2067 firma
394 2025 464 2068 esse
493 2025 559 2066 non
585 2010 736 2087 possunt.
784 2001 824 2064 ln
853 2024 920 2087 qua
944 2003 973 2066 si
997 2004 1077 2067 satis
1104 2000 1328 2087 profecissem,

284 2109 414 2192 parcius
432 2107 472 2171 de
489 2108 560 2172 eius
576 2105 675 2170 laude
692 2105 855 2182 dicerem3
879 2128 970 2172 nunc
993 2107 1077 2172 nihil
1101 2107 1142 2173 de
1167 2130 1219 2173 me
1244 2106 1330 2183 dico,

284 2211 343 2276 sed
359 2211 400 2276 de
417 2212 468 2288 iis,
485 2211 545 2294 qui
562 2209 753 2274 indicendo
771 2211 885 2297 magni
902 2219 983 2275 sunt
1000 2220 1060 2276 aut
1075 2210 1224 2277 luerunt.

232 2318 273 2380 30
328 2333 403 2378 xiv.
436 2315 531 2380 Duae
559 2322 640 2378 sunt
665 2323 771 2391 artes,
787 2337 873 2400 quae
898 2318 1027 2401 possint
1049 2317 1156 2382 locare
1179 2316 1331 2382 homines

284 2421 318 2483 in
342 2419 545 2503 amplissimo
568 2418 674 2505 gradu
698 2418 884 2506 dignitatis,
902 2442 969 2485 una
992 2421 1209 2506 imperatorie,
1226 2422 1332 2487 altera

282 2679 322 2729 ful
343 2679 520 2742 compliment
540 2684 569 2728 to
586 2679 628 2728 his
646 2686 792 2742 opponent,
816 2687 843 2732 to
863 2683 910 2732 the
927 2696 1000 2732 same
1017 2682 1097 2745 thing
1117 2695 1146 2730 as
1165 2681 1214 2732 hoc
1235 2681 1329 2732 above.

282 2770 312 2808 ss
329 2757 349 2805 it
366 2758 388 2806 is
406 2756 515 2819 implied
533 2757 593 2806 that
610 2756 749 2806 theviews
766 2757 795 2806 oi
814 2757 929 2816 istuc.
955 2757 1031 2808 ‘that
1054 2758 1083 2807 of
1110 2757 1210 2820 yours,’
1236 2758 1290 2820 l.e.,
1315 2772 1332 2807 a

282 2833 389 2884 Servius
401 2847 446 2882 are
462 2833 561 2895 always
578 2838 687 2883 correct.
722 2844 795 2882 con·
816 2835 972 2898 knowledge
989 2835 1018 2884 of
1042 2835 1089 2884 the
1107 2834 1167 2885 law.
1202 2834 1330 2896 delapsi,

281 2913 458 2959 troversum
486 2945 492 2956 .
514 2945 520 2956 .
543 2945 548 2956 .
576 2912 719 2966 tractare,
749 2909 795 2958 ‘to
817 2911 919 2961 ‘sank.'
953 2911 993 2968 in,
1007 2910 1053 2960 ‘in
1065 2912 1112 2960 the
1124 2925 1185 2961 case
1197 2901 1245 2960 oi!

281 2986 363 3036 know
382 2986 411 3035 of
429 3000 445 3034 a
464 2985 589 3048 disputed
608 2986 685 3047 point
703 2986 730 3034 in
748 2986 794 3036 the
846 2987 891 3035 31.
909 2987 1215 3048 evadere,‘turnout,'
1231 2987 1330 3050 ‘prove

282 3062 342 3123 lew,
355 3063 408 3111 and
426 3067 456 3111 to
473 3062 505 3111 be
518 3061 650 3122 handling
663 3059 795 3122 (examin-
814 3069 842 3113 to
854 3064 905 3114 be.’

282 3139 339 3201 ing)
354 3138 392 3187 it’
428 3139 536 3200 Princp.
551 3137 793 3200 partsoinosse‘?
845 3139 891 3188 34.
908 3140 1141 3198 salubritas,
1177 3139 1327 3205 ‘comfort’

314 3216 378 3276 §2st
398 3213 443 3271 26.
456 3215 501 3272 27,
519 3213 559 3262 ad
569 3229 572 3234 ¹
581 3212 738 3270 honorem,
757 3214 795 3263 ‘if
813 3214 905 3272 salus,
919 3214 1048 3278 ‘safety:’
1063 3228 1107 3264 see
1118 3228 1154 3265 on
1166 3215 1180 3276 ς
1193 3217 1215 3264 1.
1229 3214 1252 3266 7.
1366 3215 1370 3221 “

282 3305 335 3353 you
352 3291 415 3341 look
433 3296 461 3339 at
478 3290 572 3351 office,’
589 3289 648 3338 ‘ior
659 3291 795 3353 attaining
846 3288 891 3345 37,
902 3287 949 3337 38.
966 3288 1003 3337 In
1015 3301 1083 3351 qua,
1095 3295 1145 3338 not
1162 3290 1236 3351 quite
1253 3302 1330 3338 sccu-

281 3367 376 3430 office‚’
391 3382 407 3416 a
424 3369 551 3430 meaning
568 3367 597 3415 of
614 3367 660 3416 the
677 3367 795 3428 preposl-
814 3365 1060 3428 ratelyexpressed,
1071 3379 1101 3414 as
1113 3379 1168 3428 qao
1178 3366 1331 3415 mustreicr

191 3449 194 3453 '
281 3445 339 3494 tion
350 3459 422 3494 more
435 3458 560 3493 common
571 3444 636 3492 with
648 3444 795 3505 adJ‘ectives
814 3448 843 3493 to
851 3441 1138 3504 defensioacorutoris‚
1149 3442 1229 3492 while
1236 3441 1331 3491 Cicero

281 3522 348 3570 than
361 3521 543 3582 verbs;cf.1.,
557 3519 601 3568 12.
609 3521 653 3570 28.
688 3519 794 3577 multo,
815 3533 908 3568 means
921 3519 967 3568 the
979 3518 1066 3569 whole
1084 3533 1131 3568 ars
1149 3519 1266 3570 dicendi.
1302 3518 1331 3566 si

282 3604 331 3647 not
342 3599 454 3648 muitum
467 3597 495 3659 (l.
507 3597 570 3658 25.),
584 3597 697 3646 because
708 3597 738 3646 oi
750 3597 795 3645 the
815 3629 821 3640 .
838 3629 844 3640 .
861 3628 867 3641 .
885 3592 1028 3650 dicerem,
1051 3607 1086 3641 an
1118 3594 1274 3656 expression
1301 3592 1332 3642 oi

281 3676 465 3737 comparative
484 3675 544 3723 idea
564 3674 592 3722 in
614 3673 743 3723 motatore
755 3675 794 3734 (:
816 3669 938 3732 modesty
955 3669 1045 3718 which
1062 3669 1105 3718 his
1121 3669 1229 3720 hearers
1240 3667 1330 3718 would

280 3751 370 3810 macie
396 3747 533 3810 voluisse).
578 3746 647 3804 hoc,
672 3747 742 3796 ‘this
768 3748 796 3796 oi
816 3747 880 3796 take
899 3751 928 3794 at
947 3745 981 3795 its
1001 3745 1053 3794 full
1076 3745 1162 3796 velue.
1197 3745 1331 3807 parcius,

281 3825 373 3887 rnine‚’
387 3827 442 3887 i.e.,
456 3826 503 3875 the
514 3838 605 3888 power
616 3825 646 3873 oi
656 3824 794 3886 speaking.
818 3822 885 3873 ‘less
907 3821 1069 3885 fulsomely.'
1120 3821 1220 3881 laude,
1243 3836 1273 3872 as
1301 3823 1331 3871 in

313 3901 358 3961 2&
370 3902 416 3952 29.
433 3902 480 3951 id:
497 3902 587 3952 notice
604 3901 665 3950 that
676 3900 698 3949 it
714 3900 797 3950 refers
818 3899 832 3960 ξ
844 3899 883 3949 19.
897 3898 920 3948 9.
955 3909 1052 3948 nune:
1070 3898 1318 3962 seeonI.‚1⁷.24.
