2838 4380
195 289 259 358 360
552 304 757 374 errsromp
780 304 976 357 sunnonis.

248 483 324 561 feci,
342 486 517 550 voluntale
533 507 609 550 sum
624 483 791 550 adductus
807 479 991 570 posteaque
1008 482 1217 561 constantim
1235 481 1297 550 sed

196 605 225 651 25
247 589 386 674 reliqua,
397 589 480 652 mihi
490 589 595 665 crede,
605 590 712 654 multo
723 591 829 654 maius
840 611 952 653 meum
962 589 1115 653 studium
1125 590 1298 654 maiorem-

249 716 315 779 que
331 694 533 780 gravilalem
548 701 582 762 et
598 693 746 758 laborem
762 693 973 769 desideraut3
990 715 1085 779 ,quae
1104 715 1166 780 ego
1181 695 1210 758 si
1226 716 1295 759 non

248 795 452 882 profundere
479 818 517 862 ao
545 798 682 883 perdere
712 797 859 876 videbor,
888 796 1042 862 omnibus
1068 799 1150 863 meis
1167 798 1296 864 viribus

248 900 439 978 sustineb0;
462 902 515 966 sin
542 909 655 966 autem
682 903 814 988 ingrata
839 923 910 966 esse
938 903 1091 978 sentiam,
1116 923 1183 966 non
1211 924 1298 967 eom·

249 1005 391 1082 miltam
408 1012 449 1069 ul
470 1005 532 1070 tibi
559 1006 623 1091 ipsi
650 1007 794 1070 insanire
810 1005 935 1072 videar.
982 1005 1033 1069 Ea
1060 1028 1145 1090 quae
1169 1007 1238 1072 sint
1260 1013 1298 1070 el

196 1124 226 1170 30
247 1109 444 1185 cuiusmodi,
473 1111 597 1195 poteris
625 1133 667 1175 ex
698 1111 884 1196 Pomponio
916 1131 1128 1197 cognoscere.
1178 1111 1295 1196 Atque

223 1213 358 1299 ipsum
376 1212 437 1277 libi
465 1214 688 1299 Pomponium
715 1215 763 1278 ila
790 1213 997 1290 commendo,
1024 1222 1073 1292 ul,
1091 1235 1297 1300 quamquam

248 1317 353 1402 ipsius
370 1337 469 1382 eausa
485 1317 615 1382 confido
630 1325 665 1384 te
682 1317 852 1383 facturum
869 1340 941 1384 esse
962 1320 1082 1395 omnia,
1100 1327 1212 1382 lamen
1236 1319 1295 1382 abs

247 1427 281 1484 te
297 1411 359 1484 hoo
375 1428 496 1505 petam,
514 1429 562 1499 ut,
580 1423 608 1486 si
625 1422 708 1507 quid
723 1424 759 1486 in
776 1430 808 1488 le
832 1422 960 1488 residet
980 1423 1102 1488 amoris
1128 1444 1207 1509 erga
1229 1444 1295 1500 me,

247 1522 283 1587 id
298 1546 395 1590 omne
411 1526 446 1588 in
463 1526 640 1612 Pomponii
657 1529 793 1614 negotio
817 1527 994 1594 ostendes:
1018 1528 1081 1593 hoo
1105 1527 1188 1592 mihi
1211 1527 1297 1592 nihil

194 1643 224 1689 35
245 1629 375 1715 gratius
391 1628 499 1695 faeere
515 1638 620 1716 potes,

713 2117 778 2181 III.

564 2265 567 2270 Ι
630 2295 796 2352 (Andrus
810 2297 860 2350 16.)

550 2456 682 2505 CICERO
705 2457 836 2506 ATTICO
859 2458 937 2506 SAL.

217 2614 233 2676 1
294 2612 436 2694 Quaeris
468 2637 510 2680 ex
546 2637 608 2691 me,
642 2616 725 2699 quid
755 2615 914 2681 acciderit
951 2615 992 2680 de
1031 2615 1164 2693 iudicio,
1203 2617 1297 2701 quod

248 2725 317 2782 tam
341 2726 473 2803 praeter
503 2719 694 2803 opinionem
724 2720 874 2783 omnium
905 2719 1033 2784 factum
1064 2721 1118 2796 sit,
1136 2728 1171 2785 et
1193 2721 1296 2784 simul

277 2925 321 2984 53.
341 2927 442 2976 24-33.
459 2941 528 2978 sum
537 2928 708 2977 adductus:
720 2941 756 2977 se.
782 2908 891 2976 Atticus
900 2925 945 2989 (cl.
958 2927 1007 2988 Ep.
1019 2926 1056 2976 II.
1070 2926 1096 2975 1.
1109 2927 1135 2989 5)
1147 2928 1175 2976 ln
1186 2928 1293 2990 Epirus,

245 3004 423 3066 olfacerem.
466 3005 650 3062 constantia,
679 3005 756 3054 ‘con-
782 3003 898 3053 towards
908 3004 953 3051 the
965 3003 1018 3052 end
1027 3003 1056 3052 of
1068 3004 1140 3065 May,
1151 3005 1190 3059 61,
1202 3005 1296 3068 giving

245 3082 380 3144 sistency!
422 3081 547 3144 reliqua,
577 3083 622 3132 the
656 3083 757 3132 tlrreat·
781 3093 816 3128 an
829 3086 943 3129 account
955 3079 984 3129 of
1001 3080 1048 3128 the
1060 3079 1123 3128 trial
1137 3080 1166 3129 ol
1184 3079 1296 3131 Clodius

245 3159 313 3208 ened
352 3158 405 3207 suit
438 3159 480 3209 foi·
516 3160 752 3222 misgovernnrent.
782 3155 823 3220 (ἐξ
837 3156 903 3217 1-5),
913 3156 942 3204 of
953 3156 995 3206 hls
1007 3170 1068 3204 own
1080 3157 1198 3219 position
1208 3157 1235 3206 ln
1246 3158 1296 3207 the

246 3233 433 3292 desiderant,
445 3250 474 3286 as
491 3237 517 3284 in
537 3237 585 3298 §2
602 3238 638 3286 10.
675 3248 755 3298 quae
780 3239 849 3283 state
862 3232 916 3281 and
930 3231 1021 3294 public
1033 3237 1146 3281 matters
1158 3231 1295 3295 generally

245 3311 329 3361 refers
339 3316 369 3361 to
380 3314 543 3372 pravitatem
552 3313 605 3362 and
619 3312 756 3363 laborem:
771 3309 820 3369 λ(ἐξ
834 3309 932 3368 11-13),
951 3309 1005 3358 and
1023 3307 1114 3370 finally
1131 3309 1249 3370 trearing
1265 3311 1295 3359 ol

244 3388 652 3450 forgendercf.Sull.73.19.
690 3402 754 3439 non
780 3388 904 3451 personal
931 3391 1052 3436 matters.
1088 3384 1141 3434 For
1162 3385 1209 3434 the
1232 3385 1295 3433 trial

245 3465 448 3522 committam,
461 3469 508 3515 ut:
526 3466 560 3514 cl.
576 3465 628 3514 111.
648 3464 693 3513 17.
712 3466 751 3516 26.
780 3465 809 3514 ol
831 3465 941 3514 Clodius
966 3462 1029 3512 read
1052 3477 1076 3526 p.
1089 3463 1129 3522 41,
1153 3462 1180 3520 §l
1192 3461 1232 3521 73,
1252 3459 1293 3522 74,

245 3541 303 3590 abs
314 3544 359 3591 te:
377 3542 411 3591 cl.
425 3543 438 3601 ξ
451 3543 474 3592 2.
485 3543 513 3603 9;
530 3542 596 3592 Sull.
611 3541 636 3590 3.
649 3543 689 3602 30,
703 3542 757 3591 and
780 3541 833 3591 and
856 3542 899 3590 for
925 3541 971 3590 the
997 3538 1115 3589 senate’s
1140 3543 1201 3600 part
1221 3538 1250 3586 in
1274 3539 1296 3588 ll

245 3618 362 3667 seeonI.
373 3618 466 3666 2211.
781 3633 805 3680 p.
819 3617 860 3678 74,
874 3619 900 3678 §l
913 3618 945 3666 96
956 3616 1008 3665 and
1022 3617 1061 3666 99.
1100 3642 1102 3646 ·

477 3681 527 3732 ΙΙΙ.
812 3695 1007 3744 Ssuurnmou
1022 3705 1028 3740 :
1046 3691 1154 3741 Formel
1166 3705 1197 3740 or
1205 3691 1297 3740 famil-

279 3771 512 3821 Inrnonucronr
523 3772 618 3821 Norn:
641 3772 756 3820 ertten
780 3770 842 3818 lar?
875 3769 971 3818 Noliee
988 3769 1048 3816 thal
1067 3768 1204 3816 thesemo
1222 3767 1295 3816 form

245 3845 316 3897 from
339 3846 423 3895 Rome
443 3852 472 3896 to
492 3847 569 3895 Titus
593 3847 758 3908 Pomponius
782 3847 803 3894 is
816 3845 878 3894 used
893 3845 921 3892 in
931 3843 966 3892 all
979 3844 1026 3892 the
1038 3843 1132 3893 letters
1143 3849 1172 3892 to
1184 3842 1298 3894 Atticus
