2876 4378
467 344 547 396 cnr.
572 345 660 407 aare,
686 346 700 408 e
722 346 809 396 cr-cs.
1140 332 1202 398 611

104 515 239 604 publica
262 517 327 582 mei
350 517 450 593 cives,
476 517 635 601 quoniam
659 516 740 580 milri
763 538 841 581 cum
864 517 933 581 illis
964 538 1031 582 non
1061 505 1155 596 licet,

103 622 176 687 sine
193 643 244 686 me
267 621 342 706 ipsi,
358 619 418 686 sed
441 629 576 706 propter
592 641 643 685 me
668 628 780 686 tamen
796 621 1025 706 perfruantur.
1072 623 1145 709 Ego

103 725 218 791 cedam
242 733 344 809 atque
368 724 474 789 abibo.
521 723 556 789 Si
587 725 666 788 mihi
690 725 776 790 bona
791 747 825 791 re
841 725 976 811 publica
992 726 1060 791 frui
1083 749 1150 790 non
1175 747 1205 791 as

103 829 248 907 licuerit,
279 837 317 893 at
345 828 461 894 carebo
493 829 579 893 mala
609 837 652 905 et,
685 851 787 914 quam
824 831 968 914 primum
1008 832 1151 918 tetigero

104 933 187 999 bcne
204 941 365 998 moratam
388 940 423 997 et
444 933 581 998 liberam
597 935 780 1009 civitatem,
797 935 831 996 in
847 955 886 998 ea
907 936 1150 1019 conquiescam.

105 1037 137 1102 Ο
162 1037 309 1113 frustra,'
326 1038 447 1122 inquit,
467 1037 566 1100 ‘mihi
591 1038 740 1122 suscepti
764 1036 940 1113 labores,0
963 1061 1039 1123 spes
1063 1039 1205 1106 falla-94

103 1163 159 1207 ces
190 1149 226 1206 et
255 1143 475 1228 cogitationes
500 1142 615 1206 inanes
639 1140 750 1206 meae!
798 1141 871 1227 Ego
895 1163 971 1206 cum
995 1142 1149 1208 tribunus

104 1246 150 1332 pl.
178 1267 212 1310 re
244 1245 377 1331 publica
407 1265 563 1330 oppressa
593 1267 644 1310 me
675 1246 808 1309 senatui
839 1245 1014 1322 dedissem,
1047 1268 1148 1331 quem
1175 1266 1205 1311 30

105 1351 292 1416 extinctum
339 1371 540 1435 acceperam,
582 1349 751 1434 equitibus
792 1350 961 1427 Romanis,
1009 1372 1152 1435 quorum

105 1455 193 1519 vires
224 1461 320 1518 erant
350 1453 484 1529 debiles,
516 1453 612 1518 bonis
643 1454 733 1528 viris,
759 1455 818 1538 qui
849 1475 981 1519 omnem
1011 1456 1152 1520 auctori-

64 1571 67 1580 *
106 1565 209 1623 tatem
234 1555 405 1622 Clodianis
425 1558 524 1621 armis
548 1556 748 1633 abiecerunt,
766 1557 846 1620 mihi
872 1579 1031 1644 umquam
1054 1558 1153 1624 bono

104 1681 181 1726 rum
211 1658 414 1746 praesidium
444 1660 641 1726 defuturum
673 1662 850 1745 putarem?
895 1661 968 1748 Ego
992 1684 1067 1726 cum
1097 1663 1150 1728 te'

108 1768 258 1851 (mecum
274 1765 363 1829 enim
376 1765 565 1849 saepissime
576 1764 747 1849 loquitur)
767 1767 910 1851 ‘patriae
921 1765 1150 1841 reddidissem,
1161 1785 1190 1830 35

106 1870 188 1934 mihi
219 1877 373 1956 putarem
403 1871 439 1933 in
469 1871 577 1954 patria
608 1891 674 1934 non
706 1869 860 1934 futurum
892 1871 1027 1935 locum?
1082 1871 1150 1936 Ubi

105 1996 196 2040 nunc
234 1981 371 2040 senatus
402 1982 462 2054 est,
493 1996 594 2059 quem
625 1975 731 2040 secuti
766 1997 892 2051 sumus,
927 1974 984 2039 ubi
1022 1977 1157 2060 equites‘

106 2080 248 2145 Romani
272 2080 332 2156 illi,
349 2079 421 2155 illi,'
438 2080 560 2163 inquit,
579 2080 658 2155 ‘tui,
675 2079 732 2143 ubi
754 2079 867 2143 studia
882 2081 1150 2165 municipiorum,

106 2184 164 2249 ubi
185 2184 302 2248 ltaliae
319 2204 429 2258 voces,
446 2182 504 2247 ubi
527 2181 673 2268 denique
698 2191 758 2247 tua
781 2184 849 2259 illa,
867 2183 914 2247 M.
940 2183 1043 2261 Tulli,
1068 2205 1153 2270 quae

106 2288 259 2374 plurimis
284 2287 351 2352 iuit
366 2288 503 2364 auxilie,
521 2309 588 2353 vox
612 2295 714 2373 atque
731 2287 908 2352 defensio?
957 2287 1086 2352 Mihine
1111 2311 1150 2352 ea
1178 2305 1207 2351 40

106 2391 180 2467 soli,
205 2393 265 2476 qui
288 2413 348 2476 pro
372 2398 406 2456 te
430 2392 555 2456 totiens
587 2392 686 2455 morti
709 2412 761 2455 me
794 2390 911 2467 obtuli,
936 2390 1020 2455 nihil
1044 2399 1156 2477 potest

107 2494 310 2580 opitulari?’

152 2616 269 2663 xxxv.
314 2598 386 2665 Nec
413 2620 491 2665 vero
515 2599 606 2675 haec,
630 2599 769 2677 iudices,
796 2607 836 2664 ut
859 2621 922 2687 ego
944 2622 1034 2665 nunc
1058 2599 1151 2675 flens,
1167 2603 1207 2665 95

108 2703 168 2769 sed
183 2703 244 2768 hoc
260 2703 377 2768 eodem
393 2704 547 2789 loquitur
561 2703 671 2780 vultu,
686 2726 753 2788 quo
770 2703 902 2768 videtis.
940 2703 1051 2790 Negat
1065 2706 1154 2769 euim

108 2829 153 2883 se,
171 2815 272 2893 negat
295 2809 436 2893 ingratis
462 2807 593 2872 civibus
617 2807 747 2882 fecisse,
773 2829 858 2891 quae
883 2807 1011 2900 iecerit,
1029 2807 1155 2872 timidis

109 2920 145 2976 et
189 2912 300 2974 omnia
345 2911 691 2996 circumspicientibus
738 2912 886 2995 pericula
931 2933 997 2974 non
1044 2921 1154 2998 negat.

110 3015 244 3079 Plebcm
263 3023 298 3079 et
321 3015 469 3078 infimam
494 3015 758 3091 multitudinem,
777 3037 862 3099 quae
880 3015 918 3079 P.
937 3015 1056 3079 Clodio
1073 3015 1157 3080 duce
1179 3031 1194 3075 c

110 3117 256 3183 fortunis
273 3120 394 3183 vestris
410 3119 614 3194 imminebat,
631 3141 713 3193 eam,
732 3140 799 3202 quo
819 3119 925 3182 tutior
940 3127 1030 3184 esset
1045 3125 1157 3183 vestra

111 3224 191 3299 vita,
207 3244 242 3287 se
266 3222 384 3287 iecisse
409 3229 646 3287 commemorat
668 3230 707 3285 ut
730 3244 796 3285 non
822 3222 920 3286 modo
943 3225 1068 3287 virtute
1085 3221 1158 3286 flec-

112 3333 208 3402 teret,
232 3325 290 3390 sed
318 3328 418 3392 etiam
445 3326 554 3391 tribus
579 3327 647 3391 suis
672 3327 880 3411 patrimoniis
905 3326 1071 3402 deliniret,
1096 3348 1157 3391 nec

145 3566 217 3627 594.
242 3565 343 3614 28-38.
372 3563 447 3614 mihi
477 3566 625 3628 suscepti.
681 3566 746 3627 595.
767 3565 829 3616 6-8.
848 3570 946 3616 esset:
963 3567 1006 3616 for
1024 3571 1100 3616 tense
1118 3579 1162 3616 sec

114 3642 203 3694 When
214 3656 265 3691 can
278 3642 324 3690 the
336 3647 417 3703 agent
434 3641 467 3691 be
484 3642 625 3703 expressed
648 3657 683 3691 on
697 3643 733 3691 11.
747 3642 773 3691 6.
786 3644 809 3692 3.
844 3641 958 3692 fecisse
970 3645 1007 3690 ut
1020 3643 1162 3691 flecteret

115 3720 150 3782 by
173 3719 219 3768 the
241 3717 354 3767 dative?
400 3720 556 3779 putarem:
584 3717 627 3766 for
649 3754 654 3766 .
672 3755 677 3765 .
695 3755 700 3765 .
718 3718 877 3768 deliniret:
890 3720 986 3769 sortire
998 3720 1163 3782 periphrasis

116 3796 196 3846 moed
208 3795 243 3844 cf.
255 3794 268 3855 ξ
280 3795 320 3844 89.
334 3795 357 3844 9.
393 3793 453 3841 tui:
467 3793 561 3844 cicero
572 3807 627 3844 was
649 3795 684 3844 ci,
696 3795 763 3844 Sest.
773 3794 818 3843 92.
831 3796 875 3858 293
898 3795 964 3845 Sull.
978 3794 1023 3844 69.
1037 3797 1075 3844 21.
1111 3794 1164 3843 tri-

117 3871 227 3923 himsclf
240 3884 256 3920 a
268 3871 375 3934 knight,
389 3883 433 3920 see
444 3883 470 3934 p.
486 3871 524 3933 16,
538 3871 551 3933 5
565 3872 602 3920 11.
649 3870 709 3919 bus
727 3871 993 3932 patrimoniis.
1026 3871 1096 3923 Milo
1109 3870 1164 3922 had
