2838 4380
509 303 777 376 nr.xx.,§1s.
997 382 1001 388 ἡ
1151 291 1215 359 415

117 475 244 541 tissime
261 475 369 553 vidae,
382 497 443 540 nec
461 476 571 551 miror,
588 473 647 540 sed
663 497 793 542 maereo
809 499 923 542 casum
937 477 1112 555 eiusmodi,
1125 488 1164 543 ut

115 575 221 644 'tantis
251 581 320 645 tuis
351 579 491 644 miseriis
520 598 611 644 meae
643 579 792 645 miseriae
823 580 1062 648 subleventur:
1086 604 1164 646 nam
1188 599 1216 645 15

116 683 160 747 ad
185 704 237 750 me
264 683 303 746 P.
332 682 498 759 Valerius,
515 682 613 748 homo
641 683 818 759 officiosus,
842 685 986 771 scripsit,
1009 686 1045 751 id
1072 686 1164 771 quod

54 837 57 844 .
116 809 180 874 ego
206 789 350 852 maximo
378 808 454 852 oum
481 785 563 851 fletu
591 788 669 874 legi,
687 787 970 873 quemadmodum
994 811 1014 854 a
1037 789 1161 856 Vestae

116 890 160 956 ad
189 891 337 957 tabulam
367 890 537 956 Valeriam
569 891 671 956 ducta
702 914 801 957 esses.
856 892 954 971 Hem,
985 915 1059 959 mea
1090 895 1161 971 lux,

116 1016 228 1060 meum
261 995 474 1071 desiderium,
514 994 604 1060 unde
643 1017 756 1061 omnes
795 1019 891 1082 opem
929 1006 1042 1083 petere
1080 1000 1163 1064 sole·

116 1099 213 1164 bauti
241 1108 274 1165 te
305 1121 405 1178 nunc,
437 1121 510 1164 mea
542 1099 711 1176 Terentia,
742 1101 790 1166 sie
821 1103 948 1179 vexari,
980 1103 1027 1168 sic
1057 1105 1162 1168 iacere
1186 1121 1215 1165 ao

116 1205 150 1267 in
181 1205 326 1270 lacrimis
358 1211 393 1270 et
422 1202 585 1281 sordibus,
617 1203 719 1289 idque
750 1205 822 1270 fieri
853 1227 926 1271 mea
961 1207 1070 1291 culpa,
1102 1208 1161 1292 qui

116 1315 242 1373 ceteros
272 1309 415 1383 servavi,
446 1314 486 1372 ut
515 1329 576 1372 nos
607 1307 811 1392 periremus!
863 1307 963 1388 Quod
993 1308 1034 1374 de
1065 1308 1204 1374 domo3

6 1419 10 1428 '
115 1412 243 1489 scribis,
273 1413 336 1478 h'oc
367 1419 419 1478 est
440 1412 483 1478 de
506 1432 592 1487 aree,
616 1433 679 1498 ego
702 1433 782 1477 vero
813 1420 887 1477 tuni
909 1412 1056 1498 denique
1080 1413 1161 1477 mihi

116 1515 254 1582 videbor
276 1517 465 1593 restitutus,
489 1516 517 1580 si
541 1515 599 1579 illa
622 1515 717 1580 nobis
748 1516 812 1580 erit
843 1518 1020 1593 restituta3
1044 1539 1161 1584 verum

115 1619 196 1684 haec
234 1641 302 1684 non
337 1626 420 1684 sunt
457 1620 489 1682 in
531 1627 646 1684 nostra
677 1639 796 1696 manu:
821 1619 907 1684 illud
938 1619 1044 1697 doleo,
1076 1643 1162 1706 quae
1185 1637 1213 1684 as

115 1723 264 1810 impensa
295 1723 448 1789 iacienda
484 1731 546 1800 est,
578 1723 613 1786 in
644 1723 716 1788 eius
743 1731 873 1808 partem
895 1732 928 1789 te
952 1725 1105 1790 miseram
1127 1734 1162 1791 et

115 1826 335 1913 despoliatam
371 1828 497 1893 venire.
559 1824 661 1906 Quod
697 1827 727 1892 si
763 1829 940 1892 conficitur
976 1830 1160 1916 negotium,

115 1933 226 1995 omnia
250 1952 514 2016 consequemur3
543 1932 595 1996 sin
619 1930 736 1996 eadem
766 1953 827 1996 uos
858 1930 995 1996 fortuna
1021 1942 1160 2018 premet,

114 2036 257 2100 etiamne
281 2036 438 2120 reliquias
462 2041 537 2100 tuas
568 2036 688 2099 misera
714 2036 894 2120 proiicies?
939 2036 1085 2102 Obsecro
1116 2046 1159 2115 te,

114 2160 187 2204 mea
217 2140 298 2216 vita,
323 2138 415 2223 quod
443 2138 487 2203 ad
517 2145 690 2224 sumptum
721 2141 853 2217 attinet,
880 2140 953 2205 sine
984 2141 1078 2219 alios,
1102 2143 1162 2228 qui
1184 2157 1214 2204 3ο

114 2250 264 2329 possunt,
295 2244 326 2308 si
359 2243 457 2308 modo
488 2244 618 2320 volunt,
649 2245 826 2321 sustinere,
857 2252 893 2311 et
930 2244 1159 2312 valetudinem

145 2449 191 2508 16,
202 2450 248 2500 17.
266 2451 297 2500 P.
312 2449 464 2509 Valeriam,
477 2451 623 2501 unknown.
647 2451 834 2516 explanatory,
841 2453 977 2503 iorwhich
984 2467 1023 2503 we
1031 2468 1078 2504 use
1086 2455 1115 2504 id
1123 2458 1162 2505 est

114 2539 132 2575 a
141 2524 271 2576 Vestae:
287 2528 333 2577 the
344 2527 416 2577 word
428 2527 509 2578 aedes
520 2542 551 2577 or
563 2529 626 2578 tem·
648 2529 676 2576 in
687 2529 733 2578 the
742 2529 784 2578 ab.
796 2530 838 2578 ie.
869 2528 909 2578 de
918 2542 1002 2580 area:
1017 2544 1084 2581 even
1095 2532 1116 2580 if
1127 2532 1162 2581 he

110 2601 188 2664 ptum
210 2604 232 2652 is
249 2603 323 2666 quite
341 2603 495 2665 commonly
512 2604 625 2654 omitted
649 2619 717 2654 were
733 2604 797 2668 paid
814 2606 941 2668 dama-ges
956 2607 1000 2656 for
1018 2608 1065 2656 the
1075 2608 1163 2657 build-

113 2679 180 2727 with
191 2679 238 2729 the
249 2680 370 2742 genitive
382 2681 412 2730 oi
429 2680 475 2728 the
487 2680 579 2742 deity:
649 2682 695 2744 ing
707 2683 740 2731 he
750 2681 836 2732 vrould
849 2689 897 2732 not
905 2683 937 2732 be
945 2683 1063 2734 sstlsded
1071 2685 1162 2734 unless

145 2754 246 2804 18-20.
262 2756 441 2806 tabulam
461 2754 625 2813 Valeriam,
648 2759 695 2807 the
707 2760 757 2808 site
768 2773 835 2809 vvere
847 2760 966 2810 restored
982 2765 1011 2810 to
1028 2761 1093 2810 him.
1129 2761 1161 2810 in

113 2833 246 2895 supposed
269 2838 298 2882 to
320 2833 389 2882 have
411 2833 478 2882 been
501 2847 518 2882 a
540 2834 626 2883 bank:
648 2837 1158 2892 nostramanu,‘undcrourcontrol’

112 2923 157 2958 see
171 2923 196 2972 p.
211 2910 251 2971 44,
265 2909 279 2972 §
291 2909 331 2960 80.
356 2922 448 2971 opem
464 2913 578 2971 petere,
590 2911 625 2972 by
680 2911 725 2969 26,
737 2911 782 2961 2⁷.
798 2912 945 2974 impensa,
958 2915 1090 2964 attracted
1103 2916 1161 2964 into

112 2986 211 3049 esking
225 2987 274 3036 her
288 2991 318 3036 to
336 2986 472 3036 intercede
490 2987 533 3037 ior
550 2988 624 3036 them
648 2989 695 3038 the
707 2988 817 3038 relative
828 2989 924 3040 clause.
960 2991 1019 3040 The
1030 2991 1103 3041 chief
1116 3006 1164 3042 ex·

112 3063 179 3112 with
217 3063 319 3113 Olcero.
374 3068 408 3113 te
430 3099 458 3112 ..
481 3100 487 3112 .
510 3065 626 3120 vexari,
648 3080 743 3128 penses
760 3065 848 3116 would
866 3066 898 3116 be
916 3068 944 3116 iu
962 3068 1063 3132 buying
1074 3073 1159 3130 votes,

110 3139 220 3196 lacere,
233 3144 298 3191 etc:
316 3139 358 3190 ior
369 3141 450 3190 mood
462 3154 506 3190 see
518 3140 552 3189 A.
566 3140 625 3202 2743
649 3142 739 3203 hiring
762 3141 907 3204 gladiators
929 3148 958 3192 to
980 3145 1061 3194 oiisct
1083 3145 1161 3194 those

112 3214 145 3264 G.
159 3216 219 3276 5343
237 3217 273 3266 H.
287 3217 343 3278 539,
358 3217 426 3280 ΙΙΙ.;
442 3215 475 3267 Β.
487 3217 544 3268 334.
647 3220 677 3269 of
693 3218 812 3274 Clodius,
826 3219 880 3268 end
897 3220 1057 3282 supporting
1068 3219 1162 3270 Cicero

144 3290 189 3339 22.
207 3296 331 3342 ceteros
360 3294 498 3348 serverin
531 3293 560 3342 iu
583 3293 625 3344 his
649 3299 677 3346 in
686 3297 762 3347 exile.
797 3297 960 3358 inpartem
977 3334 982 3346 .
1000 3335 1006 3346 .
1023 3334 1029 3346 .
1046 3299 1160 3356 venire,

112 3367 269 3430 consulship
290 3369 325 3419 ci.
351 3370 403 3420 111.
428 3371 441 3432 ς
463 3371 494 3419 25
519 3370 553 3421 ad
577 3370 623 3420 fln.
650 3373 695 3423 ‘to
722 3373 819 3424 sharc.’
869 3375 1036 3424 conficitur
1069 3385 1161 3435 nego·

112 3447 192 3491 ut..
211 3446 623 3510 ‚periremus,¹0niyto‚ctc.’
647 3451 739 3498 tium:
762 3450 797 3500 ci.
823 3451 873 3514 Ep.
898 3451 951 3500 III.
976 3451 1001 3498 ⁵.
1022 3451 1061 3502 76.
1104 3449 1161 3500 The

112 3518 206 3578 Quod
223 3556 228 3569 .
246 3557 252 3570 .
269 3557 275 3570 .
292 3521 419 3571 scribis:
442 3537 502 3572 case
520 3524 550 3573 oi
571 3525 626 3574 this
649 3528 785 3588 nepotiani
797 3527 859 3576 here
872 3527 894 3576 is
907 3526 1025 3576 Cicero’s
1037 3526 1126 3575 recall.

111 3597 224 3646 clause?
257 3597 367 3647 domo:
390 3599 434 3648 for
455 3600 502 3648 the
522 3600 577 3649 iate
597 3602 626 3650 of
679 3600 782 3658 30,31.
800 3600 885 3662 quod
902 3637 907 3648 .
924 3636 930 3648 .
947 3636 953 3648 .
971 3601 1091 3657 attinet,
1116 3603 1160 3650 ‘es

111 3675 154 3723 his
172 3675 226 3736 city
245 3675 325 3724 home
342 3689 386 3724 see
401 3690 426 3737 p.
440 3676 481 3736 44,
497 3677 566 3738 §803
583 3677 626 3726 ior
648 3684 675 3727 to
687 3677 734 3727 the
746 3677 890 3739 expensc:’
910 3677 957 3726 the
969 3676 1059 3726 clause
1071 3678 1093 3724 is
1106 3676 1160 3726 like
1229 3679 1232 3686 '

112 3752 145 3801 its
158 3758 216 3800 eost
229 3766 272 3802 see
285 3766 319 3800 on
332 3752 381 3814 Ep.
398 3753 450 3802 III.
464 3752 510 3801 10.
524 3753 576 3802 150.
648 3755 707 3802 that
720 3755 747 3802 iu
765 3754 780 3802 l.
801 3757 840 3802 22.
875 3754 949 3810 sine,
963 3753 1120 3816 imperative
1132 3752 1161 3802 oi

143 3823 155 3886 t
173 3829 196 3882 3.
216 3827 315 3882 2325.
333 3827 394 3884 hoc
412 3831 468 3892 eet,
487 3827 564 3887 ‘tuat
581 3829 622 3894 is‚’
648 3831 715 3880 sino.
759 3829 927 3885 sustinere:
955 3841 991 3920 so·
1013 3831 1158 3897 emptum.
