2870 4376
288 317 353 384 466
638 326 712 377 ruo
735 325 766 376 Ρ.
791 324 919 376 sasmo
937 323 1090 375 onemo.

342 503 477 568 omnino
500 500 542 566 de
565 501 799 576 civitatesesse
823 497 1004 575 sublatum,
1022 497 1188 573 eonsules,
1205 498 1265 582 qui
1286 497 1377 564 duces

341 606 468 693 publici
493 605 625 671 consilii
650 625 723 670 csse
750 601 920 679 deberent,
938 601 1128 688 perfecisse,
1153 608 1193 666 ut
1220 624 1278 687 per
1298 603 1378 687 ipsos

303 727 317 772 t
339 711 514 798 publicum
537 709 715 774 consilium
740 706 896 772 funditus
921 707 1107 782 tolleretur,
1125 727 1191 782 eos,
1209 707 1268 791 qui
1289 707 1379 791 pluri-

342 837 434 880 mum
461 821 607 901 possent,
625 813 749 898 opponi
781 812 935 877 omnibus
967 811 1180 877 contionibus
1208 809 1303 888 falso,
1327 812 1380 877 sed

341 917 555 984 formidolose
583 925 696 982 tamen
724 923 877 981 auctores
904 914 947 980 ad
974 917 1156 1000 perniciem
1183 936 1297 991 meam,
1314 938 1382 981 con-

341 1025 449 1088 tiones
473 1021 586 1087 haberi
608 1020 731 1086 cotidie
754 1028 871 1085 contra
887 1041 951 1096 me,
968 1041 1086 1085 vocem
1110 1041 1170 1104 pro
1195 1041 1246 1084 me
1269 1041 1306 1084 aa
1330 1043 1382 1105 pro

341 1126 533 1212 republica
563 1126 731 1190 neminem
762 1125 906 1201 mittere,
934 1125 1066 1189 intenta
1092 1125 1189 1210 signa
1219 1123 1382 1210 legionum

290 1247 318 1292 10
340 1231 525 1296 existimari
541 1228 731 1295 cervicibus
754 1249 792 1294 ac
815 1228 911 1293 bonis
936 1229 1057 1294 vestris
1081 1225 1178 1304 falso,
1194 1227 1255 1292 sed
1278 1230 1384 1312 putari

342 1342 464 1411 tamen,
490 1335 738 1398 coniuratorum
767 1333 878 1417 copias
905 1339 1036 1397 veteres
1064 1339 1099 1397 et
1125 1329 1267 1396 effusam
1298 1328 1385 1397 illam

342 1457 379 1500 ac
395 1435 600 1520 dissupatam
617 1433 784 1499 Catilinae
802 1435 1018 1518 inportunam
1033 1455 1170 1498 manum
1193 1455 1282 1498 novo
1308 1434 1386 1500 duce

342 1548 377 1606 et
411 1541 581 1624 insperata
618 1539 879 1604 commutatione
918 1560 1029 1603 rerum
1067 1559 1138 1603 esse
1176 1547 1388 1604 renovatam:

289 1644 421 1710 43haec
446 1665 524 1708 cum
548 1643 707 1720 viderem,
726 1641 809 1728 quid
835 1664 978 1728 agerem,
1004 1641 1156 1707 iudices?
1201 1640 1279 1706 Scio
1306 1645 1390 1708 enim

290 1764 318 1810 15
340 1756 414 1813 tum
430 1770 497 1812 non
514 1748 596 1811 mihi
612 1755 763 1813 vestrum
779 1746 941 1823 studium,
955 1746 1016 1811 sed
1031 1768 1141 1812 meum
1158 1768 1263 1830 prope
1280 1757 1392 1814 vestm

341 1851 525 1942 defuisse..
554 1851 802 1917 Contenderem
829 1858 946 1916 contra
973 1850 1147 1915 tribunum
1168 1850 1212 1934 pl.
1239 1852 1393 1935 privatus

342 1957 466 2022 armis?
510 1956 683 2020 Vicissent
713 1955 868 2040 inprobos
893 1954 982 2030 boni,
1003 1953 1106 2020 fortes
1130 1955 1272 2029 inertis3
1301 1958 1394 2023 inter·

341 2061 450 2126 iectus
478 2061 632 2135 essetis,
661 2060 720 2144 qui
750 2059 812 2124 hac
843 2081 911 2123 una
942 2058 1108 2132 medicina
1138 2058 1208 2122 sola
1238 2063 1395 2143 potuita

341 2166 389 2230 rei
413 2164 566 2250 publicae
593 2170 687 2248 peste
712 2163 856 2255 depelli3
881 2163 965 2249 quid
989 2161 1135 2228 deinde?
1157 2162 1237 2246 quis
1262 2166 1396 2252 reliqua

289 2286 319 2332 ao
341 2267 549 2354 praestaret?
574 2268 629 2332 cui
645 2267 792 2352 denique
809 2275 882 2331 erat
896 2266 1048 2343 dubium,
1065 2267 1149 2351 quin
1172 2266 1231 2332 ille
1255 2272 1398 2359 sanguis

342 2371 552 2447 tribunicius,
569 2372 664 2435 nullo
680 2372 875 2456 praesertim
899 2371 1034 2456 publico
1058 2372 1197 2436 consilio
1223 2375 1399 2457 profusus,

341 2477 496 2541 eonsules
524 2476 650 2540 ultores
678 2482 713 2539 et
739 2474 930 2540 defensores
958 2482 1047 2540 esset
1076 2475 1290 2542 habiturus?
1331 2502 1400 2546 curn

342 2579 480 2664 quidam
496 2580 530 2641 in
547 2579 702 2643 contione
719 2577 862 2644 dixisset
877 2587 937 2643 aut
952 2579 1034 2643 mihi
1053 2579 1157 2644 semel
1180 2585 1401 2664 pereundum

342 2691 402 2748 aut
427 2683 478 2748 bis
503 2705 573 2748 esse
593 2682 809 2748 vincendum.
856 2682 950 2761 Quid
973 2690 1047 2748 erat
1070 2683 1120 2748 bis
1143 2683 1323 2752 vincere?
1372 2687 1404 2752 ld

375 2871 440 2933 §42
466 2870 549 2918 4-14.
574 2869 708 2932 consilii,
729 2871 777 2920 the
795 2885 855 2920 sen·
909 2871 985 2934 543.
1020 2871 1122 2921 16-22.
1163 2873 1348 2927 tribunum
1375 2875 1405 2939 pl

341 2955 393 2998 ate.
418 2947 472 3009 qui
483 2983 489 2994 .
502 2982 507 2994 .
520 2951 673 3009 posunt
680 2948 727 2996 the
737 2953 852 3010 regente.
877 2947 1034 3009 privatus:
1051 2949 1095 2998 for
1106 2949 1226 3010 position
1235 2951 1281 3000 cf.
1295 2953 1364 3014 541.
1375 2952 1405 3000 ll.

342 3023 467 3086 opponi,
485 3023 618 3086 ‘paraded
638 3023 749 3073 before)
785 3035 856 3072 auc·
877 3023 1040 3074 vicissent
1063 3060 1069 3072 .
1092 3060 1098 3072 .
1121 3060 1126 3072 .
1150 3024 1287 3086 depelli.
1308 3043 1330 3078 a
1354 3042 1408 3090 sup

341 3104 434 3157 tores,
458 3101 486 3148 in
504 3115 565 3162 app.
589 3106 617 3148 to
637 3113 690 3165 eoa,
715 3099 731 3149 l.
754 3100 777 3149 5.
813 3099 856 3148 in-
878 3101 959 3163 posed
983 3116 1088 3152 answer
1116 3107 1145 3151 to
1172 3102 1221 3150 the
1254 3107 1409 3167 preceding

341 3179 436 3233 tenta,
457 3173 559 3225 ‘aim'ed
587 3176 634 3238 at‚’
661 3174 854 3226 ‘threatened'
878 3178 1022 3240 question:
1047 3177 1090 3227 for
1112 3177 1229 3239 protasis
1259 3179 1408 3245 supplys'

343 3251 502 3302 Catilinae.
534 3253 627 3322 Cicero
638 3259 786 3316 represents
797 3253 857 3303 Clo·
880 3255 1071 3304 contendisset.
1103 3251 1279 3313 medicina,
1293 3257 1362 3320 i.e.‚
1372 3257 1409 3307 the

342 3330 402 3380 dius
412 3344 441 3378 as
461 3330 508 3378 the
524 3344 662 3380 successor
674 3330 727 3378 and
740 3343 858 3392 avenger
879 3329 960 3379 death
978 3331 1008 3378 oi
1030 3329 1153 3380 Clodius:
1182 3330 1227 3378 for
1249 3333 1308 3383 the
1331 3341 1410 3384 meta

343 3406 372 3455 of
388 3405 516 3469 Catilina,
536 3408 625 3456 intent
642 3422 715 3470 upon
734 3407 857 3469 carrying
878 3407 948 3468 phor
981 3407 1017 3456 ci.
1046 3406 1061 3468 ᾖ
1089 3407 1128 3456 31.
1153 3405 1192 3455 34.
1245 3413 1365 3470 peste,
1391 3410 1409 3458 in

343 3488 388 3532 oni
401 3483 444 3531 his
463 3482 549 3544 pians.
585 3482 662 3532 haec
681 3495 753 3531 cum
770 3482 857 3531 vide·
878 3484 966 3532 active
986 3496 1077 3532 sense:
1096 3482 1174 3531 fora
1198 3496 1361 3549 synonym
1384 3484 1409 3534 ct

342 3569 414 3614 rem.
427 3557 551 3619 repeated
573 3559 642 3607 from
663 3558 680 3608 1.
701 3559 727 3619 1;
745 3558 773 3606 in
790 3559 856 3607 such
881 3557 988 3609 1V.22.
1007 3559 1050 3620 323
1068 3559 1143 3607 what
1160 3558 1232 3608 kind
1259 3562 1295 3610 of
1318 3578 1338 3612 a
1360 3575 1409 3626 geu

343 3646 416 3682 cases
430 3634 544 3694 inquam
557 3647 587 3681 or
603 3635 689 3693 icitur
711 3634 733 3682 is
752 3633 856 3694 usually
880 3635 901 3682 is
913 3633 1112 3694 reipublicae?
1145 3638 1367 3694 praestaret:
1386 3635 1409 3684 ci

344 3708 468 3758 inserted.
503 3721 639 3770 agerem:
657 3709 699 3758 lor
710 3709 790 3758 mood
803 3709 856 3758 and
880 3711 944 3771 §33-
958 3711 998 3760 34.
1033 3710 1152 3759 ultores
1161 3713 1194 3758 et
1202 3709 1410 3764 defensores

343 3788 419 3834 tense
437 3785 472 3835 cf.
496 3786 637 3845 irascerer,
658 3785 708 3848 Ep.
732 3785 810 3836 XVI.
830 3785 856 3833 1.
878 3788 1007 3848 hysteron
1036 3789 1177 3853 proteron:
1206 3799 1261 3840 see
1289 3805 1339 3844 on
1374 3785 1410 3841 Ii

344 3861 372 3928 43
388 3876 418 3913 so
431 3861 629 3924 contenderem
646 3862 663 3918 1,
679 3863 716 3917 16.
867 3862 923 3922 lei·
937 3863 975 3922 14.
