2838 4380
356 316 410 368 se.
435 317 511 378 xx..
536 318 550 379 i
572 317 631 380 3-43
655 317 746 380 xxi,
770 319 784 380 ς
808 319 862 370 1s.
1113 306 1177 372 417

80 489 269 578 defatigari.
315 487 372 552 Me
403 487 581 552 miserum!
616 496 651 554 te
683 490 747 553 ista
777 490 915 565 virtute,
946 488 1023 566 fide,
1054 513 1127 577 pro·

80 595 194 671 bitate,
233 593 443 659 humanitate
481 594 517 658 in
555 600 667 658 tantas
698 614 874 658 aerumnas
906 601 1043 679 propter
1072 617 1125 662 me
1163 613 1178 658 a

79 698 247 774 incidisse,
279 697 529 782 Tulliolamque
568 705 727 773 nostram,
758 719 801 762 ex
833 719 900 782 quo
931 705 1025 783 patre
1055 705 1127 764 tan·

81 810 131 866 tas
155 801 348 886 voluptates
370 801 533 886 capiebat,
550 823 593 866 ex
615 823 653 866 eo
670 807 782 866 tantos
804 801 973 887 percipere
993 802 1124 869 luctus!

81 902 166 970 Nam
196 903 280 990 quid
309 925 372 991 ego
403 904 444 970 de
482 904 642 970 Cicerone
678 905 810 970 dicam?
852 907 911 990 qui
949 927 1027 970 cum
1062 909 1126 993 pri-

82 1026 171 1072 mum
213 1030 327 1093 sapere
370 1009 489 1093 coepit,
529 1009 758 1074 acerbissimos
800 1008 931 1074 dolores
962 1011 1127 1076 miserias·

81 1134 145 1198 que
169 1113 327 1198 percepit.
375 1111 470 1191 Quae
501 1113 540 1188 si,
565 1121 603 1176 tu
635 1121 674 1176 ut
704 1112 832 1189 scribis,
855 1111 927 1178 fato
950 1113 1040 1179 facta
1069 1137 1128 1200 pu·
1150 1132 1180 1178 10

81 1227 193 1294 tarem,
231 1216 353 1281 ferrem
382 1217 497 1301 paullo
527 1216 671 1293 {sollius
703 1216 764 1282 sed
799 1219 910 1282 omnia
939 1226 1022 1283 sunt
1051 1241 1126 1284 mea

80 1320 179 1406 culpa
209 1321 394 1396 commissa,
419 1321 477 1405 qui
509 1320 551 1385 ab
582 1322 622 1385 iis
654 1342 705 1386 me
736 1323 839 1386 amari
870 1322 1040 1407 putabam,
1065 1325 1125 1409 qui

79 1424 288 1501 invidebant,
320 1446 377 1490 eos
408 1446 476 1489 non
507 1425 680 1510 sequebar,
713 1427 774 1511 qui
805 1426 975 1511 petebant.
1023 1427 1168 1507 Quod2

79 1531 108 1594 si
140 1530 261 1594 nostris
294 1529 443 1594 consiliis
467 1529 520 1593 usi
552 1551 700 1594 essemus
724 1551 834 1615 neque
857 1531 949 1616 apud
971 1552 1032 1597 nos
1055 1540 1126 1597 tan·

80 1641 153 1698 tum
189 1633 353 1698 valuisset
390 1653 498 1698 sermo
534 1641 594 1699 aut
628 1635 812 1698 stultorum
849 1636 1031 1700 amicorum
1068 1646 1129 1702 aut
1151 1652 1180 1698 rs

79 1736 315 1822 improborum,
356 1736 538 1802 beatissimi
576 1738 783 1811 viveremus:
826 1759 927 1815 nunc,
966 1741 1126 1824 quoniam

78 1862 210 1926 sperare
255 1861 315 1905 nos
353 1841 452 1905 amici
497 1841 624 1917 iubent,
667 1841 752 1907 dabo
790 1863 934 1928 operam,
973 1865 1015 1909 ne
1053 1866 1127 1910 mea

80 1939 240 2006 valetudo
263 1948 323 2005 tuo
347 1940 453 2005 labori
480 1941 578 2006 desit.
625 1943 691 2007 Res
723 1950 852 2027 quanta
881 1944 936 2019 sit,
960 1944 1124 2032 intelligo,

80 2052 277 2130 quantoque
322 2043 425 2110 fuerit
468 2044 602 2110 facilius
641 2067 772 2111 manere
811 2046 901 2111 domi
940 2069 1041 2132 quam
1078 2072 1126 2115 re-

79 2149 170 2225 dire3
201 2147 261 2214 sed
291 2157 413 2226 tamen,
444 2150 473 2214 si
504 2171 618 2216 omnes
649 2150 801 2216 tribunos
832 2152 878 2236 pl.
903 2151 1074 2230 habemus,
1098 2155 1127 2218 si
1149 2171 1180 2217 ao

80 2253 266 2319 Lentulum
304 2262 373 2318 tam
417 2254 616 2330 studiosum,
657 2277 758 2340 quam
796 2255 941 2332 videtur,
979 2258 1008 2322 si
1046 2279 1125 2323 voro

79 2359 180 2423 etiam
204 2357 403 2443 Pompeium
427 2365 463 2422 et
492 2358 679 2435 Caesarem,
704 2381 771 2424 non
794 2367 847 2425 ost
870 2360 1124 2446 desperandum.

79 2463 132 2527 De
162 2461 299 2538 familia,
324 2460 492 2547 quomodo
524 2463 689 2547 placuisse
721 2464 837 2548 scribis
869 2465 995 2542 amicis,
1026 2464 1166 2532 facie-8

78 2588 165 2632 mus.
211 2566 263 2632 De
302 2566 385 2642 loco,
418 2588 508 2632 nunc
540 2567 679 2651 quidem
712 2569 779 2632 iam
809 2567 892 2633 abiit
922 2569 1124 2653 pestilentia,

78 2670 149 2747 sed,
181 2670 343 2755 quamdiu
373 2670 450 2747 fuit,
482 2693 535 2736 me
562 2693 630 2736 non
660 2673 785 2758 attigit.
833 2673 1002 2750 Plancius,
1027 2674 1127 2739 homo
1149 2691 1178 2737 aa

80 2773 350 2852 officiosissimus,
368 2796 420 2840 mc
443 2777 539 2860 cupit
561 2797 633 2840 esse
661 2798 774 2841 secum
800 2783 835 2841 et
857 2776 967 2841 adhuc
990 2778 1123 2842 retinet.

80 2878 154 2966 Ego
177 2878 330 2944 volebam
356 2879 429 2944 loco
460 2881 567 2966 magis
595 2879 728 2946 deserto
755 2902 826 2946 esse
853 2881 888 2944 in
916 2879 1028 2966 Epiro,
1057 2904 1125 2966 quo

112 3075 160 3134 ii.
179 3076 261 3126 4-13.
279 3076 333 3127 Me
361 3077 521 3127 miserum:
550 3077 594 3126 for
616 3078 724 3128 kindoi
740 3092 757 3127 a
772 3077 868 3128 word?
900 3077 1058 3135 hebemus.
1071 3079 1126 3139 ie,

79 3167 140 3204 case
157 3154 191 3203 ci.
206 3153 272 3204 Suli.
289 3154 335 3202 42.
352 3154 396 3215 23;
414 3154 450 3203 11.
465 3153 490 3202 ⁷.
502 3154 526 3204 9.
560 3156 651 3202 teon
687 3167 736 3202 our
763 3153 827 3203 side.
877 3153 1051 3214 Lentulum,
1081 3155 1138 3204 the.

79 3265 85 3277 .
103 3265 109 3276 .
127 3265 133 3278 .
149 3229 313 3279 incidisse:
333 3230 376 3280 ior
392 3229 473 3280 mood
493 3243 538 3279 see
557 3244 592 3279 on
615 3227 809 3280 consul-elect:
826 3242 862 3278 so.
879 3229 1015 3289 habemus,
1029 3231 1125 3279 nostri.

80 3306 130 3366 Ep.
151 3305 215 3355 XX.
229 3305 305 3356 ΜΟ.
340 3309 372 3355 ts
388 3306 451 3356 ista
462 3306 593 3354 virtute:
646 3304 694 3363 §3-
713 3303 814 3352 23-25.
832 3303 1020 3354 normula:
1038 3305 1128 3354 anthe

80 3381 154 3429 what
166 3381 252 3443 ought
267 3381 372 3443 strictly
383 3386 412 3431 to
428 3395 593 3444 accompany
615 3380 713 3442 phrase
729 3381 764 3430 cf.
781 3381 830 3443 Ep.
849 3380 928 3430 XIV.
948 3380 975 3428 4.
992 3381 1032 3440 34,
1051 3394 1081 3430 so
1099 3381 1127 3430 in

81 3461 107 3507 ie
124 3457 152 3505 in
172 3457 227 3506 this
245 3457 453 3507 construction?
487 3458 536 3507 See
556 3471 592 3506 on
615 3457 662 3504 the
673 3463 740 3506 next
758 3457 824 3518 lIne3
841 3457 885 3507 ior
896 3455 1011 3516 familia
1030 3470 1075 3506 see
1091 3469 1128 3506 on

81 3534 102 3582 Ι.
122 3533 148 3581 4.
165 3533 189 3582 4.
224 3544 334 3594 sapere
352 3533 472 3594 cespis:
490 3534 525 3583 cf.
540 3534 590 3596 Ep.
616 3531 773 3584 11.1a17.
809 3533 859 3584 We
878 3533 913 3582 do
935 3538 984 3582 not
1001 3533 1082 3582 know
1099 3539 1128 3582 to

80 3609 160 3660 XVI.
178 3608 205 3657 3.
222 3609 262 3658 40.
298 3609 352 3670 qul
371 3608 529 3678 petebant,
545 3610 593 3658 the
615 3609 689 3657 wirnt
696 3609 731 3658 he
743 3609 839 3666 refers:
850 3610 885 3658 he
894 3614 977 3659 wrote
985 3610 1070 3659 about
1081 3610 1128 3658 the

80 3691 199 3749 regents:
218 3699 262 3734 soa
273 3698 299 3746 p.
313 3685 354 3744 42,
367 3686 381 3746 ξ
392 3685 432 3737 76.
615 3684 701 3734 slaves
709 3686 737 3734 in
745 3686 795 3746 Ep.
805 3685 884 3736 XIV.
894 3685 938 3742 54.
973 3685 1126 3742 Plancius,

114 3764 163 3823 §2-
181 3760 284 3810 17-21.
302 3760 385 3811 dabo
408 3773 542 3822 operam,
563 3761 592 3811 ‘1
615 3766 742 3823 quaestor
764 3763 791 3810 in
815 3762 987 3813 Macedonia:
1009 3775 1052 3812 see
1075 3762 1124 3828 up.

81 3836 136 3888 will
143 3837 206 3887 take
213 3835 311 3901 psius?
336 3835 500 3887 valetudo:
520 3837 593 3889 what
615 3837 841 3891 xv.1nt.Note.
