2954 4374
245 303 309 369 192
554 316 625 365 rso
647 315 679 366 n.
704 315 866 366 unnuua
889 314 1037 365 ossrro.

293 511 437 575 namque
476 488 645 562 miserari3
685 488 744 572 qui
778 487 935 571 primum,
968 486 1048 550 dum
1082 487 1138 556 ex,
1157 485 1349 552 honoribus

294 594 463 658 continuis
481 592 627 656 familiae
647 593 877 676 maiorumque
902 612 1037 655 suorum
1060 591 1096 654 in
1120 590 1211 656 hunc
1230 613 1342 657 ascen-

294 697 370 763 dere
387 696 530 784 gradum
552 695 728 782 dignitatis
745 704 884 761 conatus
900 703 961 772 cst,
979 696 1124 760 venitin
1140 697 1339 780 periculum,

293 824 334 868 ne
362 811 397 866 et
422 823 470 878 aa,
487 822 573 886 quae
599 802 629 864 ei
656 800 782 877 relicta,
808 808 843 865 et
866 798 958 875 haec,
976 820 1062 884 quae
1087 799 1222 884 abipso
1245 809 1341 886 parta

243 922 271 968 15
293 915 382 984 sunt,
414 907 555 981 amittat,
587 904 707 969 deinde
745 911 880 990 propter
909 903 1061 968 studium
1091 925 1198 969 novae
1229 905 1340 970 laudis

242 1014 281 1077 56
293 1013 394 1076 etiam
416 1013 451 1074 in
475 1011 597 1074 veteris
625 1008 778 1073 fortunae
806 995 983 1072 discrimen
1011 1007 1197 1074 adducitur.
1245 1009 1340 1088 Quae

294 1137 369 1179 cum
393 1121 475 1179 sunt
497 1115 621 1200 gravia,
640 1113 775 1190 iudices,
800 1121 873 1178 tum
897 1112 982 1177 illud
1005 1110 1254 1177 acerbissimum
1278 1122 1339 1190 est,

293 1218 384 1303 quod
408 1217 509 1282 habet
531 1239 585 1281 eos
602 1225 821 1293 accusatores
839 1239 905 1280 non
922 1219 982 1302 qui
998 1216 1074 1281 odio
1090 1218 1340 1282 inimicitiarum

165 1407 166 1410 Ἴ
293 1323 335 1387 ad
350 1322 586 1398 accusandum,
603 1321 662 1386 sed
684 1322 744 1407 qui
760 1321 873 1386 studio
889 1321 1067 1386 accusandi
1090 1322 1133 1385 ad
1148 1323 1340 1387 inimicitias

241 1445 270 1489 20
292 1425 536 1492 descenderint.
590 1425 676 1489 Nam
706 1433 746 1490 ut
775 1427 927 1489 omittam
958 1425 1111 1491 Servium
1141 1426 1339 1511 Sulpicium,

292 1554 392 1617 quem
423 1532 584 1618 intellego
614 1553 682 1594 non
713 1531 835 1594 iniuria
865 1530 902 1592 L.
927 1531 1098 1606 Murenae,
1122 1532 1182 1596 sed
1207 1532 1340 1598 honoris

292 1636 505 1702 contentione
544 1642 741 1720 permotum,
773 1643 908 1700 accusat
941 1644 1100 1720 paternus
1131 1637 1267 1713 amicus
1300 1637 1339 1700 Ο.

293 1741 485 1816 Postumus,
513 1748 622 1816 vetus
648 1747 688 1804 ut
714 1740 762 1803 ait
789 1741 870 1823 ipse,
896 1741 1027 1805 vicinus
1054 1763 1091 1806 ac
1120 1743 1338 1818 necessarius,

292 1847 351 1930 qui
374 1843 630 1911 necessitudinis
658 1865 774 1909 causas
791 1845 970 1928 compluris
988 1846 1138 1929 protulit,
1155 1846 1338 1910 simultatis

240 1967 269 2012 25
292 1950 420 2014 nullam
444 1934 698 2014 commemorare
725 1950 836 2035 potuit
849 1973 857 2024 3
891 1957 1025 2013 accusat
1062 1947 1131 2012 Ser.
1156 1949 1338 2033 Sulpicius

290 2054 414 2120 sodalis
436 2053 541 2130 iilius,
566 2054 661 2120 cuius
694 2054 828 2140 ingenio
860 2054 990 2136 paterni
1021 2074 1134 2116 omnes
1161 2053 1338 2117 necessarii

291 2159 487 2224 munitiores
504 2179 575 2224 esse
592 2157 775 2233 debebant3
799 2165 935 2222 accusat
959 2156 1005 2219 M.
1031 2156 1126 2232 Cato,
1143 2157 1203 2241 qui
1226 2178 1335 2219 cuma

291 2263 433 2330 Murena
457 2264 551 2328 nulla
575 2285 610 2328 re
634 2283 794 2347 umquam
816 2262 946 2325 alienus
972 2260 1048 2336 fuit,
1071 2269 1143 2324 tum
1166 2281 1205 2324 ea
1226 2259 1332 2323 condi·

290 2370 383 2434 cione
407 2377 479 2435 erat
501 2370 536 2434 in
559 2369 620 2435 hac
644 2369 779 2434 civitate
804 2374 914 2442 natus,
935 2374 974 2429 ut
996 2366 1068 2428 eius
1092 2386 1170 2449 opes
1194 2372 1229 2429 et
1247 2365 1331 2451 inge

237 2488 268 2534 sc
289 2474 383 2537 nium
413 2473 577 2562 praesidio
609 2474 734 2549 multis,
769 2457 869 2536 etiam
899 2469 1121 2545 alienissimis,
1149 2469 1253 2534 exitio
1278 2470 1332 2532 vix

1243 2593 1330 2600 ...uu-..—

318 2638 364 2696 11,
376 2638 421 2688 12.
439 2639 610 2689 honoribus
635 2636 800 2693 continuis,
821 2636 921 2684 motive
933 2633 1090 2682 considered
1102 2632 1230 2695 pericctly
1240 2641 1333 2694 proper

289 2713 511 2778 ‘uninterrupted
523 2714 650 2764 honors:’
670 2727 714 2763 see
725 2710 738 2768 ὁ
749 2713 786 2761 15.
820 2711 854 2772 by
862 2711 908 2759 the
919 2711 1046 2758 Romans.
1078 2709 1196 2771 Explain
1206 2708 1253 2756 the
1262 2709 1333 2770 geni«

318 2790 365 2838 14.
382 2803 420 2840 ea
441 2827 447 2839 .
470 2827 476 2840 .
498 2828 504 2839 .
527 2791 638 2840 relicta
652 2811 678 2827 =
686 2789 799 2850 factitis
820 2788 881 2836 tive.

284 2871 428 2929 praetoria
455 2870 508 2918 and
532 2870 607 2919 locus
634 2869 796 2916 senatorias.
850 2863 895 2912 20.
913 2861 1059 2911 Servium
1082 2861 1266 2924 Sulpicium.
1288 2862 1336 2912 the

286 2943 364 2994 haec
381 2980 386 2992 .
404 2981 409 2992 .
426 2980 432 2992 .
450 2948 571 3006 parta,
588 2945 631 2993 his
651 2943 798 2993 honorabis
818 2939 1048 2990 iurisconsultus.

287 3021 572 3071 nsmeassoldierand
585 3020 794 3069 administrator.
849 3015 950 3064 25-27.
969 3014 1034 3064 Ser.
1072 3013 1241 3076 Sulpicius,
1286 3015 1334 3064 the

318 3095 421 3153 1216.
439 3095 560 3152 deinde,
581 3095 742 3146 correlative
770 3101 797 3143 to
817 3093 992 3152 subscriptor.
1027 3090 1147 3140 sedam
1169 3090 1258 3147 iilius,
1277 3091 1333 3152 i.e.,

284 3173 403 3231 primum
426 3169 454 3231 (l.
480 3169 530 3232 ll),
555 3171 603 3220 but
626 3169 798 3232 introducing
818 3168 860 3218 his
881 3169 972 3217 father
995 3168 1048 3216 had
1073 3167 1204 3230 belonged
1233 3172 1265 3215 to·
1286 3167 1334 3216 the

287 3247 561 3308 merelyarhetoricsl
572 3247 741 3299 uariationoi
751 3247 798 3296 the
817 3258 891 3293 same
908 3244 1045 3294 sodalitas
1063 3241 1227 3306 (fraternity,
1241 3256 1335 3304 gener-

284 3326 402 3384 primam
411 3323 508 3373 clause.
528 3323 645 3372 veteris
653 3322 797 3371 fortunae
818 3321 870 3383 ally
898 3321 1026 3383 political‚
1056 3320 1161 3382 though
1190 3318 1334 3381 originally

287 3397 469 3447 discrimen:
486 3412 531 3448 see
542 3413 577 3448 on
589 3399 603 3460 §
614 3399 637 3448 8.
649 3400 671 3446 2.
818 3397 967 3461 religione),
986 3411 1016 3446 as
1036 3397 1160 3456 Murena,
1180 3396 1227 3444 the
1250 3409 1335 3444 mem-

317 3472 798 3536 its.18,19.nonqui...sed
818 3475 877 3523 bers
896 3475 925 3523 si
947 3474 1038 3522 which
1058 3487 1130 3526 were¹
1151 3471 1281 3533 expected
1304 3476 1334 3520 to

286 3551 346 3612 qui.
369 3552 416 3601 the
439 3551 545 3615 regular
567 3552 645 3601 order
664 3552 692 3601 in
716 3552 797 3600 Latin
818 3555 930 3613 support
957 3551 1025 3599 esch
1053 3551 1140 3611 other,
1165 3549 1218 3597 and
1247 3554 1335 3598 trans·

286 3630 375 3677 where
392 3643 431 3678 we
448 3627 546 3678 should
567 3633 663 3690 expect
680 3630 727 3691 qut
744 3643 798 3678 noc
818 3626 912 3675 mitted
924 3627 972 3675 the
984 3626 1132 3688 obligation
1145 3629 1175 3674 to
1188 3625 1258 3674 their
1267 3624 1335 3672 chil-

287 3741 293 3753 .
314 3741 320 3753 .
340 3740 346 3753 .
367 3705 427 3766 scd·
447 3719 476 3754 so
494 3705 559 3754 with
577 3708 608 3754 st
625 3719 688 3754 non.
724 3705 798 3753 odio
818 3703 892 3752 dren.
928 3702 1111 3750 munitiores
1122 3712 1193 3749 esse
1205 3701 1334 3761 :potius

286 3781 524 3837 inimicitiarum.
543 3781 605 3830 ‘the
623 3782 715 3830 iratred
734 3782 798 3828 aris-
819 3779 936 3840 defendi.

286 3856 334 3925 ing
367 3857 438 3907 irom
469 3857 593 3921 personat
626 3857 747 3923 eumity‚’
781 3871 797 3911 a
849 3854 1335 3913 asssoessosdieioneffl
