<?xml version="1.0" encoding="UTF-8"?>
<!DOCTYPE html PUBLIC "-//W3C//DTD XHTML 1.0 Transitional//EN"
    "http://www.w3.org/TR/xhtml1/DTD/xhtml1-transitional.dtd">
<html xmlns="http://www.w3.org/1999/xhtml" xml:lang="en" lang="en">
 <head>
  <title>
</title>
<meta http-equiv="Content-Type" content="text/html;charset=utf-8" />
  <meta name='ocr-system' content='tesseract 3.04.00' />
  <meta name='ocr-capabilities' content='ocr_page ocr_carea ocr_par ocr_line ocrx_word'/>
</head>
<body>
  <div class='ocr_page' id='page_1' title='image "./mtulliciceronis05cicegoog/mtulliciceronis05cicegoog_0383.png"; bbox 0 0 2838 4380; ppageno 0'>
   <div class='ocr_carea' id='block_1_1' title="bbox 203 308 984 382">
    <p class='ocr_par' dir='ltr' id='par_1_1' title="bbox 203 308 984 382">
     <span class='ocr_line' id='line_1_1' title="bbox 203 308 984 382; baseline 0.004 -4"><span class='ocrx_word' id='word_1_1' title='bbox 203 308 270 378; x_wconf 68' lang='lat'>864</span> <span class='ocrx_word' id='word_1_2' title='bbox 558 322 764 378; x_wconf 78' lang='lat' dir='ltr'>erisromn</span> <span class='ocrx_word' id='word_1_3' title='bbox 786 325 984 382; x_wconf 70' lang='lat' dir='ltr'>sarsoris.</span> 
     </span>
    </p>
   </div>
   <div class='ocr_carea' id='block_1_2' title="bbox 197 499 1304 2254">
    <p class='ocr_par' dir='ltr' id='par_1_2' title="bbox 197 499 1304 2254">
     <span class='ocr_line' id='line_1_2' title="bbox 257 499 1304 570; baseline 0.008 -8"><span class='ocrx_word' id='word_1_4' title='bbox 257 499 462 564; x_wconf 89' lang='lat' dir='ltr'>incredibilis</span> <span class='ocrx_word' id='word_1_5' title='bbox 478 508 549 564; x_wconf 89' lang='lat' dir='ltr'>erat</span> <span class='ocrx_word' id='word_1_6' title='bbox 564 501 725 565; x_wconf 89' lang='lat' dir='ltr'>severitas</span> <span class='ocrx_word' id='word_1_7' title='bbox 742 502 836 565; x_wconf 89' lang='lat' dir='ltr'>nulla</span> <span class='ocrx_word' id='word_1_8' title='bbox 854 502 1014 568; x_wconf 87' lang='lat' dir='ltr'>varietate</span> <span class='ocrx_word' id='word_1_9' title='bbox 1038 499 1304 570; x_wconf 84' lang='lat' dir='ltr'>sententiarum:</span> 
     </span>
     <span class='ocr_line' id='line_1_3' title="bbox 203 603 1304 694; baseline 0.01 -31"><span class='ocrx_word' id='word_1_10' title='bbox 203 618 233 663; x_wconf 80' lang='lat' dir='ltr'>sc</span> <span class='ocrx_word' id='word_1_11' title='bbox 255 604 340 668; x_wconf 89' lang='lat' dir='ltr'>nihil</span> <span class='ocrx_word' id='word_1_12' title='bbox 367 603 567 688; x_wconf 76' lang='lat' dir='ltr'>impetrabat</span> <span class='ocrx_word' id='word_1_13' title='bbox 589 627 676 680; x_wconf 91' lang='lat' dir='ltr'>reus,</span> <span class='ocrx_word' id='word_1_14' title='bbox 705 607 781 690; x_wconf 91' lang='lat' dir='ltr'>plus</span> <span class='ocrx_word' id='word_1_15' title='bbox 808 609 990 671; x_wconf 78' lang='lat' dir='ltr'>accusatori</span> <span class='ocrx_word' id='word_1_16' title='bbox 1022 608 1174 685; x_wconf 90' lang='lat' dir='ltr'>dabatur,</span> <span class='ocrx_word' id='word_1_17' title='bbox 1203 631 1304 694; x_wconf 92' lang='lat' dir='ltr'>quam</span> 
     </span>
     <span class='ocr_line' id='line_1_4' title="bbox 256 708 1304 796; baseline 0.008 -25"><span class='ocrx_word' id='word_1_18' title='bbox 256 708 447 794; x_wconf 86' lang='lat' dir='ltr'>postulabat</span> <span class='ocrx_word' id='word_1_19' title='bbox 458 731 466 783; x_wconf 87' lang='lat'><em>3</em></span> <span class='ocrx_word' id='word_1_20' title='bbox 491 708 719 794; x_wconf 73' lang='lat' dir='ltr'>triumphabat</span> <span class='ocrx_word' id='word_1_21' title='bbox 728 747 771 756; x_wconf 84' lang='lat'>—-</span> <span class='ocrx_word' id='word_1_22' title='bbox 784 710 865 793; x_wconf 87' lang='lat' dir='ltr'>quid</span> <span class='ocrx_word' id='word_1_23' title='bbox 878 713 1009 796; x_wconf 87' lang='lat' dir='ltr'>quaeris</span> <span class='ocrx_word' id='word_1_24' title='bbox 1022 713 1088 775; x_wconf 86' lang='lat'>?—-</span> <span class='ocrx_word' id='word_1_25' title='bbox 1098 712 1304 779; x_wconf 77' lang='lat' dir='ltr'>Hortensius</span> 
     </span>
     <span class='ocr_line' id='line_1_5' title="bbox 258 813 1303 899; baseline 0.008 -22"><span class='ocrx_word' id='word_1_26' title='bbox 258 813 433 878; x_wconf 90' lang='lat' dir='ltr'>sevidisse</span> <span class='ocrx_word' id='word_1_27' title='bbox 457 821 609 888; x_wconf 84' lang='lat' dir='ltr'>tantum3</span> <span class='ocrx_word' id='word_1_28' title='bbox 635 835 730 878; x_wconf 91' lang='lat' dir='ltr'>nemo</span> <span class='ocrx_word' id='word_1_29' title='bbox 755 823 835 890; x_wconf 88' lang='lat' dir='ltr'>erat,</span> <span class='ocrx_word' id='word_1_30' title='bbox 861 817 919 899; x_wconf 92' lang='lat' dir='ltr'>qui</span> <span class='ocrx_word' id='word_1_31' title='bbox 942 816 1038 880; x_wconf 89' lang='lat' dir='ltr'>illum</span> <span class='ocrx_word' id='word_1_32' title='bbox 1055 841 1149 883; x_wconf 90' lang='lat' dir='ltr'>reum</span> <span class='ocrx_word' id='word_1_33' title='bbox 1173 841 1210 884; x_wconf 87' lang='lat' dir='ltr'>ac</span> <span class='ocrx_word' id='word_1_34' title='bbox 1234 842 1303 884; x_wconf 89' lang='lat' dir='ltr'>non</span> 
     </span>
     <span class='ocr_line' id='line_1_6' title="bbox 255 917 1303 991; baseline 0.01 -11"><span class='ocrx_word' id='word_1_35' title='bbox 255 917 364 983; x_wconf 88' lang='lat' dir='ltr'>milies</span> <span class='ocrx_word' id='word_1_36' title='bbox 403 917 662 982; x_wconf 88' lang='lat' dir='ltr'>condemnatum</span> <span class='ocrx_word' id='word_1_37' title='bbox 705 917 933 982; x_wconf 85' lang='lat' dir='ltr'>arbitraretur.</span> <span class='ocrx_word' id='word_1_38' title='bbox 989 921 1046 984; x_wconf 87' lang='lat' dir='ltr'>Me</span> <span class='ocrx_word' id='word_1_39' title='bbox 1090 945 1169 988; x_wconf 91' lang='lat' dir='ltr'>vero</span> <span class='ocrx_word' id='word_1_40' title='bbox 1214 932 1303 991; x_wconf 86' lang='lat' dir='ltr'>teste</span> 
     </span>
     <span class='ocr_line' id='line_1_7' title="bbox 255 1019 1302 1105; baseline 0.011 -22"><span class='ocrx_word' id='word_1_41' title='bbox 255 1019 419 1105; x_wconf 90' lang='lat' dir='ltr'>producto</span> <span class='ocrx_word' id='word_1_42' title='bbox 435 1021 533 1085; x_wconf 91' lang='lat' dir='ltr'>credo</span> <span class='ocrx_word' id='word_1_43' title='bbox 550 1029 582 1086; x_wconf 93' lang='lat' dir='ltr'>te</span> <span class='ocrx_word' id='word_1_44' title='bbox 600 1042 641 1085; x_wconf 88' lang='lat' dir='ltr'>ex</span> <span class='ocrx_word' id='word_1_45' title='bbox 667 1022 905 1088; x_wconf 83' lang='lat' dir='ltr'>acclamatione</span> <span class='ocrx_word' id='word_1_46' title='bbox 930 1023 1040 1089; x_wconf 87' lang='lat' dir='ltr'>Clodii</span> <span class='ocrx_word' id='word_1_47' title='bbox 1064 1027 1302 1095; x_wconf 88' lang='lat' dir='ltr'>advocatorum</span> 
     </span>
     <span class='ocr_line' id='line_1_8' title="bbox 201 1123 1301 1209; baseline 0.014 -24"><span class='ocrx_word' id='word_1_48' title='bbox 201 1123 386 1188; x_wconf 72' lang='lat' dir='ltr'>inaudisse</span> <span class='ocrx_word' id='word_1_49' title='bbox 413 1146 499 1209; x_wconf 88' lang='lat' dir='ltr'>quae</span> <span class='ocrx_word' id='word_1_50' title='bbox 531 1126 759 1190; x_wconf 87' lang='lat' dir='ltr'>consurrectio</span> <span class='ocrx_word' id='word_1_51' title='bbox 791 1125 941 1192; x_wconf 87' lang='lat' dir='ltr'>iudicum</span> <span class='ocrx_word' id='word_1_52' title='bbox 972 1128 1063 1194; x_wconf 87' lang='lat' dir='ltr'>facta</span> <span class='ocrx_word' id='word_1_53' title='bbox 1093 1133 1147 1209; x_wconf 86' lang='lat' dir='ltr'>sit,</span> <span class='ocrx_word' id='word_1_54' title='bbox 1179 1142 1219 1198; x_wconf 91' lang='lat' dir='ltr'>ut</span> <span class='ocrx_word' id='word_1_55' title='bbox 1248 1155 1301 1200; x_wconf 90' lang='lat' dir='ltr'>me</span> 
     </span>
     <span class='ocr_line' id='line_1_9' title="bbox 254 1229 1299 1324; baseline 0.011 -31"><span class='ocrx_word' id='word_1_56' title='bbox 254 1229 545 1306; x_wconf 85' lang='lat' dir='ltr'>circumsteterint,</span> <span class='ocrx_word' id='word_1_57' title='bbox 564 1237 604 1293; x_wconf 94' lang='lat' dir='ltr'>ut</span> <span class='ocrx_word' id='word_1_58' title='bbox 619 1238 731 1314; x_wconf 90' lang='lat' dir='ltr'>aperte</span> <span class='ocrx_word' id='word_1_59' title='bbox 748 1231 865 1318; x_wconf 85' lang='lat' dir='ltr'>iugula</span> <span class='ocrx_word' id='word_1_60' title='bbox 880 1254 941 1296; x_wconf 91' lang='lat' dir='ltr'>sna</span> <span class='ocrx_word' id='word_1_61' title='bbox 956 1256 1016 1318; x_wconf 88' lang='lat' dir='ltr'>pro</span> <span class='ocrx_word' id='word_1_62' title='bbox 1027 1257 1106 1302; x_wconf 73' lang='lat' dir='ltr'>,meo</span> <span class='ocrx_word' id='word_1_63' title='bbox 1129 1239 1236 1324; x_wconf 90' lang='lat' dir='ltr'>capite</span> <span class='ocrx_word' id='word_1_64' title='bbox 1261 1239 1299 1304; x_wconf 89' lang='lat' dir='ltr'>P.</span> 
     </span>
     <span class='ocr_line' id='line_1_10' title="bbox 255 1332 1300 1432; baseline 0.011 -36"><span class='ocrx_word' id='word_1_65' title='bbox 255 1332 375 1397; x_wconf 85' lang='lat' dir='ltr'>Clodio</span> <span class='ocrx_word' id='word_1_66' title='bbox 392 1336 611 1398; x_wconf 89' lang='lat' dir='ltr'>ostentarint:</span> <span class='ocrx_word' id='word_1_67' title='bbox 639 1357 724 1420; x_wconf 89' lang='lat' dir='ltr'>quae</span> <span class='ocrx_word' id='word_1_68' title='bbox 741 1335 822 1398; x_wconf 92' lang='lat' dir='ltr'>mihi</span> <span class='ocrx_word' id='word_1_69' title='bbox 839 1359 890 1402; x_wconf 90' lang='lat' dir='ltr'>res</span> <span class='ocrx_word' id='word_1_70' title='bbox 908 1339 1015 1404; x_wconf 90' lang='lat' dir='ltr'>multo</span> <span class='ocrx_word' id='word_1_71' title='bbox 1031 1340 1300 1432; x_wconf 88' lang='lat' dir='ltr'>honorificentior</span> 
     </span>
     <span class='ocr_line' id='line_1_11' title="bbox 253 1438 1299 1523; baseline 0.011 -21"><span class='ocrx_word' id='word_1_72' title='bbox 253 1438 326 1502; x_wconf 90' lang='lat' dir='ltr'>visa</span> <span class='ocrx_word' id='word_1_73' title='bbox 342 1446 394 1502; x_wconf 89' lang='lat' dir='ltr'>est</span> <span class='ocrx_word' id='word_1_74' title='bbox 409 1459 509 1523; x_wconf 89' lang='lat' dir='ltr'>qnam</span> <span class='ocrx_word' id='word_1_75' title='bbox 525 1448 585 1502; x_wconf 92' lang='lat' dir='ltr'>aut</span> <span class='ocrx_word' id='word_1_76' title='bbox 600 1439 668 1515; x_wconf 86' lang='lat' dir='ltr'>illa,</span> <span class='ocrx_word' id='word_1_77' title='bbox 686 1461 762 1504; x_wconf 91' lang='lat' dir='ltr'>cum</span> <span class='ocrx_word' id='word_1_78' title='bbox 778 1441 885 1505; x_wconf 88' lang='lat' dir='ltr'>iurare</span> <span class='ocrx_word' id='word_1_79' title='bbox 901 1443 951 1506; x_wconf 91' lang='lat' dir='ltr'>tui</span> <span class='ocrx_word' id='word_1_80' title='bbox 969 1444 1059 1509; x_wconf 89' lang='lat' dir='ltr'>cives</span> <span class='ocrx_word' id='word_1_81' title='bbox 1076 1445 1299 1513; x_wconf 88' lang='lat' dir='ltr'>Xenocratem</span> 
     </span>
     <span class='ocr_line' id='line_1_12' title="bbox 254 1543 1299 1630; baseline 0.011 -24"><span class='ocrx_word' id='word_1_82' title='bbox 254 1543 485 1607; x_wconf 89' lang='lat' dir='ltr'>testimonium</span> <span class='ocrx_word' id='word_1_83' title='bbox 509 1543 674 1609; x_wconf 90' lang='lat' dir='ltr'>dicentem</span> <span class='ocrx_word' id='word_1_84' title='bbox 703 1544 958 1630; x_wconf 88' lang='lat' dir='ltr'>prohibuerunt,</span> <span class='ocrx_word' id='word_1_85' title='bbox 986 1557 1046 1613; x_wconf 89' lang='lat' dir='ltr'>aut</span> <span class='ocrx_word' id='word_1_86' title='bbox 1068 1572 1145 1615; x_wconf 91' lang='lat' dir='ltr'>cum</span> <span class='ocrx_word' id='word_1_87' title='bbox 1169 1551 1299 1618; x_wconf 89' lang='lat' dir='ltr'>tabulas</span> 
     </span>
     <span class='ocr_line' id='line_1_13' title="bbox 200 1646 1297 1733; baseline 0.015 -28"><span class='ocrx_word' id='word_1_88' title='bbox 200 1660 229 1705; x_wconf 87' lang='lat' dir='ltr'>eo</span> <span class='ocrx_word' id='word_1_89' title='bbox 252 1646 382 1712; x_wconf 88' lang='lat' dir='ltr'>Metelli</span> <span class='ocrx_word' id='word_1_90' title='bbox 399 1647 581 1724; x_wconf 77' lang='lat' dir='ltr'>Numidici,</span> <span class='ocrx_word' id='word_1_91' title='bbox 600 1671 674 1714; x_wconf 90' lang='lat' dir='ltr'>cum</span> <span class='ocrx_word' id='word_1_92' title='bbox 692 1669 759 1725; x_wconf 89' lang='lat' dir='ltr'>eae,</span> <span class='ocrx_word' id='word_1_93' title='bbox 779 1657 818 1713; x_wconf 87' lang='lat' dir='ltr'>ut</span> <span class='ocrx_word' id='word_1_94' title='bbox 834 1671 904 1716; x_wconf 91' lang='lat' dir='ltr'>mos</span> <span class='ocrx_word' id='word_1_95' title='bbox 921 1660 982 1728; x_wconf 87' lang='lat' dir='ltr'>est,</span> <span class='ocrx_word' id='word_1_96' title='bbox 993 1653 1297 1733; x_wconf 75' lang='lat' dir='ltr'>circumferrentur,</span> 
     </span>
     <span class='ocr_line' id='line_1_14' title="bbox 253 1752 1297 1846; baseline 0.011 -33"><span class='ocrx_word' id='word_1_97' title='bbox 253 1753 357 1814; x_wconf 87' lang='lat' dir='ltr'>nostri</span> <span class='ocrx_word' id='word_1_98' title='bbox 375 1752 501 1817; x_wconf 89' lang='lat' dir='ltr'>iudices</span> <span class='ocrx_word' id='word_1_99' title='bbox 525 1755 669 1838; x_wconf 86' lang='lat' dir='ltr'>aspicere</span> <span class='ocrx_word' id='word_1_100' title='bbox 687 1754 891 1832; x_wconf 86' lang='lat' dir='ltr'>noluerunt3</span> <span class='ocrx_word' id='word_1_101' title='bbox 915 1757 1022 1822; x_wconf 90' lang='lat' dir='ltr'>multo</span> <span class='ocrx_word' id='word_1_102' title='bbox 1037 1758 1134 1836; x_wconf 89' lang='lat' dir='ltr'>haec,</span> <span class='ocrx_word' id='word_1_103' title='bbox 1151 1761 1297 1846; x_wconf 90' lang='lat' dir='ltr'>inquam,</span> 
     </span>
     <span class='ocr_line' id='line_1_15' title="bbox 212 1857 1297 1951; baseline 0.01 -31"><span class='ocrx_word' id='word_1_104' title='bbox 212 1859 230 1920; x_wconf 85' lang='lat'><strong>5</strong></span> <span class='ocrx_word' id='word_1_105' title='bbox 253 1862 366 1919; x_wconf 90' lang='lat' dir='ltr'>nostra</span> <span class='ocrx_word' id='word_1_106' title='bbox 378 1877 428 1920; x_wconf 89' lang='lat' dir='ltr'>res</span> <span class='ocrx_word' id='word_1_107' title='bbox 447 1858 557 1920; x_wconf 89' lang='lat' dir='ltr'>maior.</span> <span class='ocrx_word' id='word_1_108' title='bbox 604 1858 721 1941; x_wconf 88' lang='lat' dir='ltr'>ltaque</span> <span class='ocrx_word' id='word_1_109' title='bbox 735 1857 884 1922; x_wconf 89' lang='lat' dir='ltr'>iudicum</span> <span class='ocrx_word' id='word_1_110' title='bbox 901 1860 1049 1939; x_wconf 87' lang='lat' dir='ltr'>vocibus,</span> <span class='ocrx_word' id='word_1_111' title='bbox 1066 1884 1142 1928; x_wconf 92' lang='lat' dir='ltr'>cum</span> <span class='ocrx_word' id='word_1_112' title='bbox 1166 1885 1228 1951; x_wconf 87' lang='lat' dir='ltr'>ego</span> <span class='ocrx_word' id='word_1_113' title='bbox 1250 1867 1297 1931; x_wconf 88' lang='lat' dir='ltr'>sic</span> 
     </span>
     <span class='ocr_line' id='line_1_16' title="bbox 252 1959 1295 2045; baseline 0.012 -23"><span class='ocrx_word' id='word_1_114' title='bbox 252 1959 294 2024; x_wconf 92' lang='lat' dir='ltr'>ab</span> <span class='ocrx_word' id='word_1_115' title='bbox 308 1961 359 2036; x_wconf 92' lang='lat' dir='ltr'>iis,</span> <span class='ocrx_word' id='word_1_116' title='bbox 375 1969 415 2024; x_wconf 91' lang='lat' dir='ltr'>ut</span> <span class='ocrx_word' id='word_1_117' title='bbox 433 1961 523 2026; x_wconf 90' lang='lat' dir='ltr'>salus</span> <span class='ocrx_word' id='word_1_118' title='bbox 540 1963 676 2045; x_wconf 78' lang='lat' dir='ltr'>patriae,</span> <span class='ocrx_word' id='word_1_119' title='bbox 694 1960 903 2040; x_wconf 85' lang='lat' dir='ltr'>defenderer,</span> <span class='ocrx_word' id='word_1_120' title='bbox 920 1963 1048 2032; x_wconf 87' lang='lat' dir='ltr'>fractus</span> <span class='ocrx_word' id='word_1_121' title='bbox 1072 1989 1149 2034; x_wconf 87' lang='lat' dir='ltr'>reus</span> <span class='ocrx_word' id='word_1_122' title='bbox 1172 1978 1207 2034; x_wconf 91' lang='lat' dir='ltr'>et</span> <span class='ocrx_word' id='word_1_123' title='bbox 1231 1991 1295 2034; x_wconf 86' lang='lat' dir='ltr'>una</span> 
     </span>
     <span class='ocr_line' id='line_1_17' title="bbox 251 2064 1293 2148; baseline 0.017 -22"><span class='ocrx_word' id='word_1_124' title='bbox 251 2066 384 2148; x_wconf 87' lang='lat' dir='ltr'>patroni</span> <span class='ocrx_word' id='word_1_125' title='bbox 409 2085 522 2129; x_wconf 91' lang='lat' dir='ltr'>omnes</span> <span class='ocrx_word' id='word_1_126' title='bbox 549 2064 779 2141; x_wconf 88' lang='lat' dir='ltr'>conciderunt,</span> <span class='ocrx_word' id='word_1_127' title='bbox 807 2065 850 2129; x_wconf 91' lang='lat' dir='ltr'>ad</span> <span class='ocrx_word' id='word_1_128' title='bbox 877 2089 929 2133; x_wconf 88' lang='lat' dir='ltr'>me</span> <span class='ocrx_word' id='word_1_129' title='bbox 955 2080 1068 2137; x_wconf 88' lang='lat' dir='ltr'>autem</span> <span class='ocrx_word' id='word_1_130' title='bbox 1099 2075 1214 2142; x_wconf 90' lang='lat' dir='ltr'>eadem</span> <span class='ocrx_word' id='word_1_131' title='bbox 1237 2078 1293 2144; x_wconf 85' lang='lat' dir='ltr'>fre·</span> 
     </span>
     <span class='ocr_line' id='line_1_18' title="bbox 197 2169 1297 2254; baseline 0.017 -24"><span class='ocrx_word' id='word_1_132' title='bbox 197 2169 391 2251; x_wconf 73' lang='lat' dir='ltr'>sequentia</span> <span class='ocrx_word' id='word_1_133' title='bbox 421 2169 581 2252; x_wconf 89' lang='lat' dir='ltr'>postridie</span> <span class='ocrx_word' id='word_1_134' title='bbox 610 2170 777 2243; x_wconf 84' lang='lat' dir='ltr'>convenit,</span> <span class='ocrx_word' id='word_1_135' title='bbox 809 2191 953 2254; x_wconf 91' lang='lat' dir='ltr'>quacum</span> <span class='ocrx_word' id='word_1_136' title='bbox 981 2175 1297 2250; x_wconf 78' lang='lat' dir='ltr'>abiens&#39;consulatu</span> 
     </span>
    </p>
   </div>
   <div class='ocr_carea' id='block_1_3' title="bbox 251 2271 1296 2374">
    <p class='ocr_par' dir='ltr' id='par_1_3' title="bbox 251 2271 1296 2374">
     <span class='ocr_line' id='line_1_19' title="bbox 251 2271 1296 2374; baseline 0.018 -39"><span class='ocrx_word' id='word_1_137' title='bbox 251 2292 325 2335; x_wconf 89' lang='lat' dir='ltr'>sum</span> <span class='ocrx_word' id='word_1_138' title='bbox 341 2271 477 2336; x_wconf 92' lang='lat' dir='ltr'>domum</span> <span class='ocrx_word' id='word_1_139' title='bbox 500 2273 668 2338; x_wconf 86' lang='lat' dir='ltr'>reductus.</span> <span class='ocrx_word' id='word_1_140' title='bbox 716 2271 868 2340; x_wconf 88' lang='lat' dir='ltr'>Clamare</span> <span class='ocrx_word' id='word_1_141' title='bbox 892 2281 1054 2360; x_wconf 89' lang='lat' dir='ltr'>praeclari</span> <span class='ocrx_word' id='word_1_142' title='bbox 1078 2283 1296 2374; x_wconf 81' lang='lat' dir='ltr'>Ariopagitae</span> 
     </span>
    </p>
   </div>
   <div class='ocr_carea' id='block_1_4' title="bbox 247 2403 1296 2430">
    <p class='ocr_par' dir='ltr' id='par_1_4' title="bbox 247 2403 1296 2430">
     <span class='ocr_line' id='line_1_20' title="bbox 247 2403 1296 2430; baseline 0.011 -16"><span class='ocrx_word' id='word_1_143' title='bbox 247 2403 1296 2430; x_wconf 41' lang='lat' dir='ltr'>mm</span> 
     </span>
    </p>
   </div>
   <div class='ocr_carea' id='block_1_5' title="bbox 248 2469 1293 2552">
    <p class='ocr_par' dir='ltr' id='par_1_5' title="bbox 248 2469 1293 2552">
     <span class='ocr_line' id='line_1_21' title="bbox 248 2469 1293 2552; baseline 0.022 -34"><span class='ocrx_word' id='word_1_144' title='bbox 248 2469 290 2518; x_wconf 80' lang='lat' dir='ltr'>for</span> <span class='ocrx_word' id='word_1_145' title='bbox 303 2470 350 2520; x_wconf 91' lang='lat' dir='ltr'>the</span> <span class='ocrx_word' id='word_1_146' title='bbox 368 2470 526 2532; x_wconf 80' lang='lat' dir='ltr'>productior</span> <span class='ocrx_word' id='word_1_147' title='bbox 542 2471 570 2521; x_wconf 82' lang='lat' dir='ltr'>ol</span> <span class='ocrx_word' id='word_1_148' title='bbox 583 2473 685 2520; x_wconf 82' lang='lat' dir='ltr'>certain</span> <span class='ocrx_word' id='word_1_149' title='bbox 701 2472 759 2519; x_wconf 86' lang='lat' dir='ltr'>wit·</span> <span class='ocrx_word' id='word_1_150' title='bbox 783 2488 876 2526; x_wconf 83' lang='lat' dir='ltr'>enses:</span> <span class='ocrx_word' id='word_1_151' title='bbox 899 2492 943 2528; x_wconf 87' lang='lat' dir='ltr'>see</span> <span class='ocrx_word' id='word_1_152' title='bbox 960 2496 996 2531; x_wconf 91' lang='lat' dir='ltr'>on</span> <span class='ocrx_word' id='word_1_153' title='bbox 1020 2483 1224 2552; x_wconf 74' lang='lat' dir='ltr'>Snaursrlorr,</span> <span class='ocrx_word' id='word_1_154' title='bbox 1243 2490 1293 2540; x_wconf 87' lang='lat' dir='ltr'>At-</span> 
     </span>
    </p>
   </div>
   <div class='ocr_carea' id='block_1_6' title="bbox 247 2553 1296 2697">
    <p class='ocr_par' dir='ltr' id='par_1_6' title="bbox 247 2553 1296 2697">
     <span class='ocr_line' id='line_1_22' title="bbox 247 2553 1296 2629; baseline 0.022 -35"><span class='ocrx_word' id='word_1_155' title='bbox 247 2559 347 2602; x_wconf 85' lang='lat' dir='ltr'>nesses,</span> <span class='ocrx_word' id='word_1_156' title='bbox 364 2553 413 2596; x_wconf 87' lang='lat' dir='ltr'>etc.</span> <span class='ocrx_word' id='word_1_157' title='bbox 783 2553 844 2602; x_wconf 84' lang='lat' dir='ltr'>tice.</span> <span class='ocrx_word' id='word_1_158' title='bbox 887 2553 1108 2619; x_wconf 82' lang='lat' dir='ltr'>Xenocratem,</span> <span class='ocrx_word' id='word_1_159' title='bbox 1128 2577 1145 2612; x_wconf 90' lang='lat' dir='ltr'>a</span> <span class='ocrx_word' id='word_1_160' title='bbox 1167 2565 1242 2629; x_wconf 87' lang='lat' dir='ltr'>pupil</span> <span class='ocrx_word' id='word_1_161' title='bbox 1266 2568 1296 2616; x_wconf 81' lang='lat' dir='ltr'>ol</span> 
     </span>
     <span class='ocr_line' id='line_1_23' title="bbox 279 2620 1295 2697; baseline 0.023 -27"><span class='ocrx_word' id='word_1_162' title='bbox 279 2620 380 2670; x_wconf 80' lang='lat'>49-52.</span> <span class='ocrx_word' id='word_1_163' title='bbox 403 2623 489 2672; x_wconf 86' lang='lat' dir='ltr'>nulla</span> <span class='ocrx_word' id='word_1_164' title='bbox 500 2624 668 2672; x_wconf 83' lang='lat' dir='ltr'>varietate:</span> <span class='ocrx_word' id='word_1_165' title='bbox 686 2624 759 2674; x_wconf 89' lang='lat' dir='ltr'>what</span> <span class='ocrx_word' id='word_1_166' title='bbox 782 2627 911 2680; x_wconf 83' lang='lat' dir='ltr'>Socrates.</span> <span class='ocrx_word' id='word_1_167' title='bbox 963 2637 1132 2697; x_wconf 80' lang='lat' dir='ltr'>tabulas,</span> <span class='ocrx_word' id='word_1_168' title='bbox 1163 2640 1295 2692; x_wconf 83' lang='lat' dir='ltr'>‘account</span> 
     </span>
    </p>
   </div>
   <div class='ocr_carea' id='block_1_7' title="bbox 248 2698 884 2760">
    <p class='ocr_par' dir='ltr' id='par_1_7' title="bbox 248 2698 884 2760">
     <span class='ocr_line' id='line_1_24' title="bbox 248 2698 884 2760; baseline 0.011 -13"><span class='ocrx_word' id='word_1_169' title='bbox 248 2698 302 2747; x_wconf 87' lang='lat' dir='ltr'>like</span> <span class='ocrx_word' id='word_1_170' title='bbox 326 2701 479 2760; x_wconf 87' lang='lat' dir='ltr'>expression</span> <span class='ocrx_word' id='word_1_171' title='bbox 503 2702 529 2749; x_wconf 90' lang='lat' dir='ltr'>in</span> <span class='ocrx_word' id='word_1_172' title='bbox 562 2701 613 2750; x_wconf 87' lang='grc' dir='ltr'>ΙΙΙ.</span> <span class='ocrx_word' id='word_1_173' title='bbox 644 2700 700 2750; x_wconf 84' lang='grc'>13,,</span> <span class='ocrx_word' id='word_1_174' title='bbox 721 2702 759 2750; x_wconf 76' lang='lat'>4?</span> <span class='ocrx_word' id='word_1_175' title='bbox 782 2704 884 2754; x_wconf 66' lang='lat' dir='ltr'>books!</span> 
     </span>
    </p>
   </div>
   <div class='ocr_carea' id='block_1_8' title="bbox 169 2775 1296 3925">
    <p class='ocr_par' dir='ltr' id='par_1_8' title="bbox 169 2775 1296 3925">
     <span class='ocr_line' id='line_1_25' title="bbox 246 2775 1294 2854; baseline 0.03 -33"><span class='ocrx_word' id='word_1_176' title='bbox 246 2775 466 2837; x_wconf 84' lang='lat' dir='ltr'>triumphabat.</span> <span class='ocrx_word' id='word_1_177' title='bbox 504 2792 520 2826; x_wconf 88' lang='lat' dir='ltr'>a</span> <span class='ocrx_word' id='word_1_178' title='bbox 563 2777 757 2839; x_wconf 87' lang='lat' dir='ltr'>colloquialism</span> <span class='ocrx_word' id='word_1_179' title='bbox 813 2784 859 2834; x_wconf 81' lang='lat'>60.</span> <span class='ocrx_word' id='word_1_180' title='bbox 882 2786 1005 2838; x_wconf 86' lang='lat' dir='ltr'>Metelli</span> <span class='ocrx_word' id='word_1_181' title='bbox 1016 2791 1182 2854; x_wconf 84' lang='lat' dir='ltr'>Numidici,</span> <span class='ocrx_word' id='word_1_182' title='bbox 1200 2801 1294 2852; x_wconf 88' lang='lat' dir='ltr'>consul</span> 
     </span>
     <span class='ocr_line' id='line_1_26' title="bbox 246 2851 1292 2930; baseline 0.028 -30"><span class='ocrx_word' id='word_1_183' title='bbox 246 2851 441 2912; x_wconf 76' lang='lat' dir='ltr'>foryoudebat.</span> <span class='ocrx_word' id='word_1_184' title='bbox 477 2853 552 2915; x_wconf 85' lang='lat' dir='ltr'>quid</span> <span class='ocrx_word' id='word_1_185' title='bbox 562 2854 693 2915; x_wconf 78' lang='lat' dir='ltr'>quaeris.</span> <span class='ocrx_word' id='word_1_186' title='bbox 709 2855 716 2880; x_wconf 89' lang='lat'>‘</span> <span class='ocrx_word' id='word_1_187' title='bbox 730 2855 757 2903; x_wconf 90' lang='lat' dir='ltr'>in</span> <span class='ocrx_word' id='word_1_188' title='bbox 783 2861 809 2910; x_wconf 90' lang='lat' dir='ltr'>in</span> <span class='ocrx_word' id='word_1_189' title='bbox 823 2864 937 2926; x_wconf 63' lang='lat' dir='ltr'>ronahe</span> <span class='ocrx_word' id='word_1_190' title='bbox 955 2881 1018 2930; x_wconf 86' lang='lat' dir='ltr'>year</span> <span class='ocrx_word' id='word_1_191' title='bbox 1028 2871 1058 2920; x_wconf 82' lang='lat' dir='ltr'>of</span> <span class='ocrx_word' id='word_1_192' title='bbox 1076 2871 1194 2925; x_wconf 85' lang='lat' dir='ltr'>Atticus&#39;</span> <span class='ocrx_word' id='word_1_193' title='bbox 1210 2876 1292 2928; x_wconf 84' lang='lat' dir='ltr'>birth.</span> 
     </span>
     <span class='ocr_line' id='line_1_27' title="bbox 246 2914 1295 3010; baseline 0.027 -34"><span class='ocrx_word' id='word_1_194' title='bbox 246 2914 341 2988; x_wconf 52' lang='lat' dir='ltr'>short)</span> <span class='ocrx_word' id='word_1_195' title='bbox 355 2943 371 2977; x_wconf 92' lang='lat' dir='ltr'>a</span> <span class='ocrx_word' id='word_1_196' title='bbox 383 2943 507 2980; x_wconf 89' lang='lat' dir='ltr'>common</span> <span class='ocrx_word' id='word_1_197' title='bbox 520 2932 626 2994; x_wconf 83' lang='lat' dir='ltr'>phrase,</span> <span class='ocrx_word' id='word_1_198' title='bbox 639 2938 668 2981; x_wconf 89' lang='lat' dir='ltr'>to</span> <span class='ocrx_word' id='word_1_199' title='bbox 680 2934 757 2984; x_wconf 88' lang='lat' dir='ltr'>mark</span> <span class='ocrx_word' id='word_1_200' title='bbox 782 2937 869 2988; x_wconf 89' lang='lat' dir='ltr'>When</span> <span class='ocrx_word' id='word_1_201' title='bbox 884 2940 919 2989; x_wconf 90' lang='lat' dir='ltr'>he</span> <span class='ocrx_word' id='word_1_202' title='bbox 931 2956 986 2992; x_wconf 87' lang='lat' dir='ltr'>was</span> <span class='ocrx_word' id='word_1_203' title='bbox 998 2945 1116 3010; x_wconf 82' lang='lat' dir='ltr'>brought</span> <span class='ocrx_word' id='word_1_204' title='bbox 1133 2954 1162 2999; x_wconf 91' lang='lat' dir='ltr'>to</span> <span class='ocrx_word' id='word_1_205' title='bbox 1179 2952 1241 3002; x_wconf 82' lang='lat' dir='ltr'>trial</span> <span class='ocrx_word' id='word_1_206' title='bbox 1262 2955 1295 3004; x_wconf 82' lang='lat' dir='ltr'>de</span> 
     </span>
     <span class='ocr_line' id='line_1_28' title="bbox 246 3005 1294 3092; baseline 0.029 -40"><span class='ocrx_word' id='word_1_207' title='bbox 246 3005 293 3053; x_wconf 88' lang='lat' dir='ltr'>the</span> <span class='ocrx_word' id='word_1_208' title='bbox 315 3007 458 3056; x_wconf 87' lang='lat' dir='ltr'>transition</span> <span class='ocrx_word' id='word_1_209' title='bbox 483 3007 552 3056; x_wconf 81' lang='lat' dir='ltr'>from</span> <span class='ocrx_word' id='word_1_210' title='bbox 576 3008 672 3058; x_wconf 87' lang='lat' dir='ltr'>details</span> <span class='ocrx_word' id='word_1_211' title='bbox 693 3015 722 3060; x_wconf 91' lang='lat' dir='ltr'>to</span> <span class='ocrx_word' id='word_1_212' title='bbox 743 3025 758 3058; x_wconf 84' lang='lat' dir='ltr'>a</span> <span class='ocrx_word' id='word_1_213' title='bbox 780 3019 938 3076; x_wconf 80' lang='lat' dir='ltr'>repetundis</span> <span class='ocrx_word' id='word_1_214' title='bbox 954 3019 1032 3079; x_wconf 82' lang='lat' dir='ltr'>(Erre.</span> <span class='ocrx_word' id='word_1_215' title='bbox 1055 3025 1092 3074; x_wconf 85' lang='lat'>11.</span> <span class='ocrx_word' id='word_1_216' title='bbox 1114 3023 1174 3089; x_wconf 70' lang='lat' dir='ltr'>il),</span> <span class='ocrx_word' id='word_1_217' title='bbox 1188 3029 1234 3080; x_wconf 88' lang='lat' dir='ltr'>the</span> <span class='ocrx_word' id='word_1_218' title='bbox 1250 3033 1294 3092; x_wconf 84' lang='lat' dir='ltr'>ju·</span> 
     </span>
     <span class='ocr_line' id='line_1_29' title="bbox 245 3081 1293 3170; baseline 0.031 -42"><span class='ocrx_word' id='word_1_219' title='bbox 245 3081 351 3142; x_wconf 83' lang='lat' dir='ltr'>general</span> <span class='ocrx_word' id='word_1_220' title='bbox 372 3089 525 3134; x_wconf 87' lang='lat' dir='ltr'>statement.</span> <span class='ocrx_word' id='word_1_221' title='bbox 547 3085 666 3136; x_wconf 83' lang='lat' dir='ltr'>vidisse</span> <span class='ocrx_word' id='word_1_222' title='bbox 691 3091 757 3137; x_wconf 84' lang='lat' dir='ltr'>tan·</span> <span class='ocrx_word' id='word_1_223' title='bbox 782 3109 838 3144; x_wconf 87' lang='lat' dir='ltr'>rors</span> <span class='ocrx_word' id='word_1_224' title='bbox 850 3096 955 3154; x_wconf 78' lang='lat' dir='ltr'>refused</span> <span class='ocrx_word' id='word_1_225' title='bbox 969 3105 997 3150; x_wconf 88' lang='lat' dir='ltr'>to</span> <span class='ocrx_word' id='word_1_226' title='bbox 1009 3099 1092 3154; x_wconf 88' lang='lat' dir='ltr'>insult</span> <span class='ocrx_word' id='word_1_227' title='bbox 1109 3105 1166 3156; x_wconf 87' lang='lat' dir='ltr'>him</span> <span class='ocrx_word' id='word_1_228' title='bbox 1178 3106 1213 3170; x_wconf 84' lang='lat' dir='ltr'>by</span> <span class='ocrx_word' id='word_1_229' title='bbox 1225 3123 1293 3160; x_wconf 89' lang='lat' dir='ltr'>even</span> 
     </span>
     <span class='ocr_line' id='line_1_30' title="bbox 246 3158 1131 3236; baseline 0.031 -33"><span class='ocrx_word' id='word_1_230' title='bbox 246 3159 319 3209; x_wconf 88' lang='lat' dir='ltr'>tum.</span> <span class='ocrx_word' id='word_1_231' title='bbox 349 3158 417 3208; x_wconf 85' lang='lat' dir='ltr'>‘had</span> <span class='ocrx_word' id='word_1_232' title='bbox 450 3161 503 3210; x_wconf 89' lang='lat' dir='ltr'>had</span> <span class='ocrx_word' id='word_1_233' title='bbox 537 3163 602 3212; x_wconf 87' lang='lat' dir='ltr'>such</span> <span class='ocrx_word' id='word_1_234' title='bbox 634 3171 757 3229; x_wconf 84' lang='lat' dir='ltr'>penetra·</span> <span class='ocrx_word' id='word_1_235' title='bbox 780 3170 891 3236; x_wconf 85' lang='lat' dir='ltr'>looking</span> <span class='ocrx_word' id='word_1_236' title='bbox 902 3180 931 3224; x_wconf 90' lang='lat' dir='ltr'>at</span> <span class='ocrx_word' id='word_1_237' title='bbox 941 3176 983 3226; x_wconf 87' lang='lat' dir='ltr'>his</span> <span class='ocrx_word' id='word_1_238' title='bbox 995 3186 1131 3232; x_wconf 87' lang='lat' dir='ltr'>accounts.</span> 
     </span>
     <span class='ocr_line' id='line_1_31' title="bbox 169 3233 1292 3323; baseline 0.033 -46"><span class='ocrx_word' id='word_1_239' title='bbox 169 3238 171 3244; x_wconf 58' lang='lat'><strong>¹</strong></span> <span class='ocrx_word' id='word_1_240' title='bbox 245 3233 323 3281; x_wconf 90' lang='lat' dir='ltr'>tion.&#39;</span> <span class='ocrx_word' id='word_1_241' title='bbox 604 3259 607 3267; x_wconf 62' lang='grc'>’</span> <span class='ocrx_word' id='word_1_242' title='bbox 812 3250 860 3308; x_wconf 72' lang='lat' dir='ltr'>§a</span> <span class='ocrx_word' id='word_1_243' title='bbox 880 3249 1169 3308; x_wconf 67' lang='lat' dir='ltr'>eacafraorus:</span> <span class='ocrx_word' id='word_1_244' title='bbox 1187 3275 1223 3311; x_wconf 84' lang='lat' dir='ltr'>sc.</span> <span class='ocrx_word' id='word_1_245' title='bbox 1242 3267 1292 3323; x_wconf 82' lang='lat' dir='ltr'>eat,</span> 
     </span>
     <span class='ocr_line' id='line_1_32' title="bbox 277 3307 1296 3400; baseline 0.034 -45"><span class='ocrx_word' id='word_1_246' title='bbox 277 3307 377 3357; x_wconf 81' lang='grc'>53-59.</span> <span class='ocrx_word' id='word_1_247' title='bbox 395 3312 502 3369; x_wconf 82' lang='lat' dir='ltr'>milies,</span> <span class='ocrx_word' id='word_1_248' title='bbox 515 3315 658 3378; x_wconf 86' lang='lat' dir='ltr'>colloquial</span> <span class='ocrx_word' id='word_1_249' title='bbox 678 3333 757 3380; x_wconf 76' lang='lat' dir='ltr'>exag-</span> <span class='ocrx_word' id='word_1_250' title='bbox 783 3322 855 3376; x_wconf 85' lang='lat' dir='ltr'>‘was</span> <span class='ocrx_word' id='word_1_251' title='bbox 884 3330 1025 3392; x_wconf 84' lang='lat' dir='ltr'>crushed;’</span> <span class='ocrx_word' id='word_1_252' title='bbox 1061 3334 1165 3399; x_wconf 86' lang='lat' dir='ltr'>princp.</span> <span class='ocrx_word' id='word_1_253' title='bbox 1197 3339 1296 3400; x_wconf 79' lang='lat' dir='ltr'>parts?</span> 
     </span>
     <span class='ocr_line' id='line_1_33' title="bbox 244 3387 1294 3476; baseline 0.032 -45"><span class='ocrx_word' id='word_1_254' title='bbox 244 3387 374 3446; x_wconf 86' lang='lat' dir='ltr'>geraticn,</span> <span class='ocrx_word' id='word_1_255' title='bbox 389 3401 418 3436; x_wconf 89' lang='lat' dir='ltr'>so</span> <span class='ocrx_word' id='word_1_256' title='bbox 432 3389 457 3436; x_wconf 89' lang='lat' dir='ltr'>in</span> <span class='ocrx_word' id='word_1_257' title='bbox 471 3398 536 3440; x_wconf 83' lang='lat' dir='ltr'>next</span> <span class='ocrx_word' id='word_1_258' title='bbox 550 3392 616 3443; x_wconf 87' lang='lat' dir='ltr'>line:</span> <span class='ocrx_word' id='word_1_259' title='bbox 633 3410 676 3444; x_wconf 86' lang='lat' dir='ltr'>see</span> <span class='ocrx_word' id='word_1_260' title='bbox 688 3396 753 3446; x_wconf 85' lang='lat' dir='ltr'>Exc.</span> <span class='ocrx_word' id='word_1_261' title='bbox 781 3403 994 3463; x_wconf 80' lang='lat' dir='ltr'>conciderunt,</span> <span class='ocrx_word' id='word_1_262' title='bbox 1003 3421 1033 3458; x_wconf 88' lang='lat' dir='ltr'>as</span> <span class='ocrx_word' id='word_1_263' title='bbox 1045 3409 1072 3458; x_wconf 92' lang='lat' dir='ltr'>in</span> <span class='ocrx_word' id='word_1_264' title='bbox 1087 3411 1124 3460; x_wconf 94' lang='grc' dir='ltr'>ΙΙ.</span> <span class='ocrx_word' id='word_1_265' title='bbox 1136 3412 1161 3462; x_wconf 84' lang='grc'>5.</span> <span class='ocrx_word' id='word_1_266' title='bbox 1171 3413 1194 3464; x_wconf 83' lang='grc'>9.</span> <span class='ocrx_word' id='word_1_267' title='bbox 1219 3427 1294 3476; x_wconf 81' lang='lat' dir='ltr'>qua·</span> 
     </span>
     <span class='ocr_line' id='line_1_34' title="bbox 245 3461 1290 3549; baseline 0.033 -42"><span class='ocrx_word' id='word_1_268' title='bbox 245 3461 279 3510; x_wconf 92' lang='lat' dir='ltr'>V.</span> <span class='ocrx_word' id='word_1_269' title='bbox 300 3462 312 3520; x_wconf 71' lang='grc' dir='ltr'><strong>ξ</strong></span> <span class='ocrx_word' id='word_1_270' title='bbox 337 3465 374 3512; x_wconf 79' lang='lat'>15.</span> <span class='ocrx_word' id='word_1_271' title='bbox 410 3466 543 3524; x_wconf 85' lang='lat' dir='ltr'>audisse.</span> <span class='ocrx_word' id='word_1_272' title='bbox 568 3485 642 3533; x_wconf 86' lang='lat' dir='ltr'>away</span> <span class='ocrx_word' id='word_1_273' title='bbox 666 3473 705 3521; x_wconf 86' lang='lat' dir='ltr'>off</span> <span class='ocrx_word' id='word_1_274' title='bbox 728 3474 754 3520; x_wconf 89' lang='lat' dir='ltr'>in</span> <span class='ocrx_word' id='word_1_275' title='bbox 780 3489 857 3534; x_wconf 88' lang='lat' dir='ltr'>cum,</span> <span class='ocrx_word' id='word_1_276' title='bbox 876 3487 942 3530; x_wconf 81' lang='lat' dir='ltr'>etc:</span> <span class='ocrx_word' id='word_1_277' title='bbox 961 3498 1004 3534; x_wconf 90' lang='lat' dir='ltr'>see</span> <span class='ocrx_word' id='word_1_278' title='bbox 1025 3499 1050 3546; x_wconf 88' lang='lat' dir='ltr'>p.</span> <span class='ocrx_word' id='word_1_279' title='bbox 1065 3485 1105 3547; x_wconf 87' lang='lat'>39,</span> <span class='ocrx_word' id='word_1_280' title='bbox 1119 3489 1177 3549; x_wconf 78' lang='lat'>§69</span> <span class='ocrx_word' id='word_1_281' title='bbox 1192 3491 1225 3540; x_wconf 90' lang='lat' dir='ltr'>ad</span> <span class='ocrx_word' id='word_1_282' title='bbox 1244 3491 1290 3541; x_wconf 83' lang='lat' dir='ltr'>fin.</span> 
     </span>
     <span class='ocr_line' id='line_1_35' title="bbox 244 3537 1293 3629; baseline 0.031 -44"><span class='ocrx_word' id='word_1_283' title='bbox 244 3537 353 3600; x_wconf 82' lang='lat' dir='ltr'>Epirus!</span> <span class='ocrx_word' id='word_1_284' title='bbox 394 3544 435 3598; x_wconf 80' lang='lat' dir='ltr'>ut,</span> <span class='ocrx_word' id='word_1_285' title='bbox 459 3557 488 3592; x_wconf 89' lang='lat' dir='ltr'>as</span> <span class='ocrx_word' id='word_1_286' title='bbox 513 3546 539 3593; x_wconf 90' lang='lat' dir='ltr'>in</span> <span class='ocrx_word' id='word_1_287' title='bbox 561 3547 625 3596; x_wconf 86' lang='lat' dir='ltr'>Sull.</span> <span class='ocrx_word' id='word_1_288' title='bbox 648 3548 693 3596; x_wconf 82' lang='grc'>35.</span> <span class='ocrx_word' id='word_1_289' title='bbox 715 3551 752 3599; x_wconf 87' lang='grc'>14.</span> <span class='ocrx_word' id='word_1_290' title='bbox 780 3552 926 3614; x_wconf 80' lang='lat' dir='ltr'>clamare,</span> <span class='ocrx_word' id='word_1_291' title='bbox 939 3559 1001 3608; x_wconf 86' lang='lat' dir='ltr'>hist.</span> <span class='ocrx_word' id='word_1_292' title='bbox 1017 3560 1065 3612; x_wconf 84' lang='lat' dir='ltr'>inf.</span> <span class='ocrx_word' id='word_1_293' title='bbox 1081 3564 1293 3629; x_wconf 75' lang='lat' dir='ltr'>Ariopagitae.</span> 
     </span>
     <span class='ocr_line' id='line_1_36' title="bbox 242 3614 1294 3694; baseline 0.031 -32"><span class='ocrx_word' id='word_1_294' title='bbox 242 3614 342 3664; x_wconf 80' lang='lat' dir='ltr'>iurare</span> <span class='ocrx_word' id='word_1_295' title='bbox 367 3617 485 3680; x_wconf 90' lang='lat' dir='ltr'>depends</span> <span class='ocrx_word' id='word_1_296' title='bbox 514 3635 586 3682; x_wconf 89' lang='lat' dir='ltr'>upon</span> <span class='ocrx_word' id='word_1_297' title='bbox 612 3627 755 3684; x_wconf 79' lang='lat' dir='ltr'>prohibue-</span> <span class='ocrx_word' id='word_1_298' title='bbox 779 3631 826 3681; x_wconf 89' lang='lat' dir='ltr'>the</span> <span class='ocrx_word' id='word_1_299' title='bbox 846 3633 907 3684; x_wconf 88' lang='lat' dir='ltr'>title</span> <span class='ocrx_word' id='word_1_300' title='bbox 927 3636 956 3685; x_wconf 84' lang='lat' dir='ltr'>of</span> <span class='ocrx_word' id='word_1_301' title='bbox 978 3637 1025 3687; x_wconf 89' lang='lat' dir='ltr'>the</span> <span class='ocrx_word' id='word_1_302' title='bbox 1045 3641 1178 3692; x_wconf 85' lang='lat' dir='ltr'>members</span> <span class='ocrx_word' id='word_1_303' title='bbox 1198 3644 1227 3693; x_wconf 88' lang='lat' dir='ltr'>of</span> <span class='ocrx_word' id='word_1_304' title='bbox 1245 3645 1294 3694; x_wconf 90' lang='lat' dir='ltr'>the</span> 
     </span>
     <span class='ocr_line' id='line_1_37' title="bbox 242 3695 1293 3780; baseline 0.03 -41"><span class='ocrx_word' id='word_1_305' title='bbox 242 3695 325 3742; x_wconf 84' lang='lat' dir='ltr'>ruat:</span> <span class='ocrx_word' id='word_1_306' title='bbox 355 3696 389 3742; x_wconf 82' lang='lat' dir='ltr'>ct.</span> <span class='ocrx_word' id='word_1_307' title='bbox 420 3697 527 3756; x_wconf 74' lang='lat' dir='ltr'>inpredi</span> <span class='ocrx_word' id='word_1_308' title='bbox 556 3701 754 3763; x_wconf 78' lang='lat' dir='ltr'>prohibuerint,</span> <span class='ocrx_word' id='word_1_309' title='bbox 779 3708 887 3778; x_wconf 83' lang='lat' dir='ltr'>highest</span> <span class='ocrx_word' id='word_1_310' title='bbox 907 3720 984 3762; x_wconf 87' lang='lat' dir='ltr'>court</span> <span class='ocrx_word' id='word_1_311' title='bbox 1007 3715 1036 3764; x_wconf 80' lang='lat' dir='ltr'>ol</span> <span class='ocrx_word' id='word_1_312' title='bbox 1063 3717 1179 3780; x_wconf 88' lang='lat' dir='ltr'>Athens,</span> <span class='ocrx_word' id='word_1_313' title='bbox 1204 3721 1293 3770; x_wconf 86' lang='lat' dir='ltr'>whlch</span> 
     </span>
     <span class='ocr_line' id='line_1_38' title="bbox 242 3767 1295 3857; baseline 0.032 -43"><span class='ocrx_word' id='word_1_314' title='bbox 242 3767 317 3816; x_wconf 88' lang='lat' dir='ltr'>Caes.</span> <span class='ocrx_word' id='word_1_315' title='bbox 337 3769 373 3818; x_wconf 88' lang='grc' dir='ltr'>ΙΙ.</span> <span class='ocrx_word' id='word_1_316' title='bbox 386 3771 412 3818; x_wconf 84' lang='lat'>4.</span> <span class='ocrx_word' id='word_1_317' title='bbox 426 3773 452 3832; x_wconf 81' lang='lat'>23</span> <span class='ocrx_word' id='word_1_318' title='bbox 471 3773 544 3823; x_wconf 86' lang='lat' dir='ltr'>what</span> <span class='ocrx_word' id='word_1_319' title='bbox 557 3775 579 3823; x_wconf 88' lang='lat' dir='ltr'>is</span> <span class='ocrx_word' id='word_1_320' title='bbox 592 3776 638 3824; x_wconf 89' lang='lat' dir='ltr'>the</span> <span class='ocrx_word' id='word_1_321' title='bbox 650 3779 756 3841; x_wconf 83' lang='lat' dir='ltr'>regular</span> <span class='ocrx_word' id='word_1_322' title='bbox 779 3785 927 3836; x_wconf 89' lang='lat' dir='ltr'>assembled</span> <span class='ocrx_word' id='word_1_323' title='bbox 944 3803 979 3838; x_wconf 91' lang='lat' dir='ltr'>on</span> <span class='ocrx_word' id='word_1_324' title='bbox 995 3791 1068 3842; x_wconf 84' lang='lat' dir='ltr'>Mars</span> <span class='ocrx_word' id='word_1_325' title='bbox 1080 3793 1138 3844; x_wconf 89' lang='lat' dir='ltr'>Hill</span> <span class='ocrx_word' id='word_1_326' title='bbox 1157 3794 1295 3857; x_wconf 76' lang='lat' dir='ltr'>(Areopa-</span> 
     </span>
     <span class='ocr_line' id='line_1_39' title="bbox 241 3848 1295 3925; baseline 0.028 -31"><span class='ocrx_word' id='word_1_327' title='bbox 241 3848 447 3896; x_wconf 78' lang='lat' dir='ltr'>coustruction?</span> <span class='ocrx_word' id='word_1_328' title='bbox 481 3849 757 3906; x_wconf 65' lang='lat' dir='ltr'>civeszfltteat-</span> <span class='ocrx_word' id='word_1_329' title='bbox 779 3860 862 3922; x_wconf 64' lang='lat' dir='ltr'>aad:</span> <span class='ocrx_word' id='word_1_330' title='bbox 879 3863 913 3911; x_wconf 82' lang='lat' dir='ltr'>cf.</span> <span class='ocrx_word' id='word_1_331' title='bbox 929 3864 996 3916; x_wconf 89' lang='lat' dir='ltr'>Acts</span> <span class='ocrx_word' id='word_1_332' title='bbox 1008 3868 1071 3917; x_wconf 85' lang='lat' dir='ltr'>xvii.</span> <span class='ocrx_word' id='word_1_333' title='bbox 1086 3871 1126 3919; x_wconf 82' lang='lat'>22.</span> <span class='ocrx_word' id='word_1_334' title='bbox 1162 3871 1220 3921; x_wconf 86' lang='lat' dir='ltr'>The</span> <span class='ocrx_word' id='word_1_335' title='bbox 1232 3873 1295 3925; x_wconf 82' lang='lat' dir='ltr'>title</span> 
     </span>
    </p>
   </div>
   <div class='ocr_carea' id='block_1_9' title="bbox 0 0 1424 4380">
    <p class='ocr_par' dir='ltr' id='par_1_9' title="bbox 0 0 1424 4380">
     <span class='ocr_line' id='line_1_40' title="bbox 0 0 1424 4380; baseline 0 5"><span class='ocrx_word' id='word_1_336' title='bbox 0 0 1424 4380; x_wconf 95' lang='lat' dir='ltr'> </span> 
     </span>
    </p>
   </div>
  </div>
 </body>
</html>
