2870 4376
245 289 310 376 462
592 323 664 374 rao
686 323 716 373 P.
741 322 869 374 sasrro
891 318 1040 373 oaarro.

243 513 275 558 ao
297 499 447 564 exercitu
464 498 502 562 O.
520 497 607 561 Mari
623 497 760 573 invicto,
777 495 920 561 habebat
935 497 1110 561 inimicum
1134 496 1172 561 C.
1190 497 1339 575 Marium,

299 611 565 667 conservatorem
596 601 732 685 patriae,
763 607 897 664 sextum
921 601 987 664 iam
1010 601 1108 665 illum
1135 603 1341 667 consulatum

298 713 488 791 gerentem
512 693 564 770 res
580 713 652 769 erat
674 726 750 769 oum
775 704 813 767 L.
842 703 1034 782 Saturnian,
1062 707 1186 770 iterum
1211 706 1342 772 tribuno

299 810 355 893 pl,
372 809 534 895 vigilante
551 808 684 871 homine
696 815 731 871 et
746 809 781 870 in
798 828 898 871 causa
914 808 1068 893 populari
1093 809 1122 872 si
1147 830 1214 873 non
1238 809 1345 875 mode·

298 921 379 989 rate,
393 921 428 977 at
439 921 528 977 certe
539 911 744 997 populariter
756 911 1029 998 abstinenterque
1043 920 1185 977 versato.
1225 912 1344 990 Cessit,

245 999 339 1081 at’ue
356 1024 416 1081 aut
431 1017 541 1081 victus
559 1037 578 1079 a
594 1014 737 1080 fortibus
754 1016 834 1079 viris
851 1037 928 1080 cunr
945 1015 1107 1082 dedecore
1132 1016 1265 1092 caderet
1287 1027 1346 1083 aut

301 1122 408 1185 victor
423 1121 539 1184 multis
554 1127 589 1184 et
605 1119 747 1183 fortibus
764 1119 893 1184 civibus
917 1141 988 1184 rem
1014 1119 1183 1205 publicam
1206 1121 1346 1187 orbaret.

247 1221 286 1284 38
300 1225 410 1289 Meam
438 1245 570 1288 causam
598 1229 735 1288 senatus
763 1224 884 1308 palam,
901 1232 1059 1309 equester
1074 1223 1155 1288 ordo
1178 1225 1347 1302 acerrime,

299 1336 421 1393 cuncta
452 1328 550 1392 ltalia
581 1327 724 1411 publice,
756 1349 870 1392 omnes
907 1326 987 1392 boni
1017 1329 1148 1413 proprie
1179 1330 1349 1415 enixeque

301 1447 526 1517 susceperant.
589 1431 654 1495 Eas
685 1453 737 1496 res
767 1453 945 1518 gesseram,
977 1454 1121 1516 quarum
1161 1454 1228 1496 non
1260 1455 1350 1499 unus

246 1551 276 1598 aa
298 1545 424 1612 auctor,
452 1535 511 1600 sed
535 1534 606 1599 dux
631 1537 781 1600 omnium
807 1535 993 1599 voluntatis
1020 1535 1170 1611 fuissem,
1193 1557 1352 1623 quaeque

300 1663 368 1705 non
388 1640 485 1704 modo
509 1640 552 1704 ad
575 1640 780 1726 singularem
805 1660 911 1703 meam
936 1639 1086 1725 gloriam,
1115 1639 1173 1705 sed
1198 1640 1243 1704 ad
1266 1663 1355 1706 com-

300 1766 436 1809 munem
452 1746 595 1809 salutem
615 1745 763 1808 omnium
780 1744 906 1807 civium
921 1752 956 1810 et
972 1765 1074 1828 prope
1098 1745 1254 1830 gentium
1282 1769 1358 1831 per-

301 1851 468 1924 tinerent;
507 1870 545 1914 ea
575 1847 768 1912 condicione
800 1869 978 1933 gesseram,
1010 1855 1050 1910 ut
1079 1869 1191 1912 meum
1221 1848 1358 1915 iactum

299 1975 431 2039 semper
446 1975 560 2017 omnes
576 1960 742 2036 praestare
759 1952 914 2035 tuerique
936 1949 1104 2015 deberent.
1150 1967 1244 2014 xvrr.
1271 1953 1361 2019 Erat

299 2066 413 2123 autem
428 2057 510 2120 mihi
526 2056 697 2120 contentio
709 2077 777 2118 non
793 2077 869 2118 oum
883 2055 1010 2119 victore
1027 2054 1188 2130 exercitu,
1201 2055 1263 2119 sed
1278 2079 1362 2122 curn

301 2163 408 2246 operis
434 2159 610 2224 conductis
635 2164 669 2223 et
693 2158 736 2222 ad
760 2157 983 2242 diripiendam
1012 2157 1128 2222 urbem
1152 2160 1361 2238 concitatis3

302 2265 462 2330 habebam
478 2265 652 2328 inimicum
668 2284 734 2326 non
764 2261 803 2326 O.
821 2261 976 2338 Marium,
1004 2270 1162 2326 terrorem
1186 2261 1363 2343 hostium,

262 2385 276 2431 5
299 2392 392 2455 spem
408 2367 663 2451 subsidiumque
680 2367 816 2450 patriae,
829 2365 889 2430 sed
904 2366 972 2430 duo
989 2367 1170 2451 inportuna
1186 2367 1364 2457 prodigia,

300 2495 386 2558 quos
402 2480 544 2559 egestas,
561 2493 646 2557 quos
674 2473 757 2534 aeris
773 2470 874 2535 alieni
889 2469 1098 2556 magnitudo,
1116 2491 1201 2556 quos
1219 2471 1365 2550 levitas,

247 2583 287 2646 39
300 2599 385 2664 quos
409 2576 592 2662 inprobitas
617 2575 753 2642 tribuno
776 2575 821 2658 pl.
846 2575 1044 2639 constrictos
1067 2573 1247 2638 addixerat
1260 2599 1271 2652 ;
1299 2600 1366 2644 nec

330 2845 431 2896 20-24.
462 2843 599 2893 invicto:
635 2855 679 2890 see
704 2854 739 2888 on
773 2839 811 2888 11.
835 2840 967 2888 stantivee
985 2840 1012 2888 in
1030 2839 1230 2888 dorstad-tria
1247 2855 1303 2891 are
1316 2849 1369 2893 not

298 2923 395 2973 19.11.
431 2925 464 2969 at
480 2923 579 2969 certe:
596 2918 631 2967 cf.
646 2917 726 2978 5514.
744 2914 810 2976 837.
836 2915 1018 2978 infrequentiy
1041 2915 1106 2964 used
1131 2928 1162 2964 as
1189 2915 1366 2977 adjectives.

258 3047 261 3051 A
298 3003 337 3050 21.
378 2996 570 3061 populariter
612 2993 811 3048 abstinenter,
834 2991 981 3054 prodigia,
991 3003 1084 3052 quoe:
1101 2991 1370 3054 forthegenderoi

301 3076 346 3125 ‘iu
370 3077 416 3124 the
441 3075 565 3123 interests
585 3072 615 3120 oi
639 3072 686 3119 the
706 3067 810 3131 people,
835 3069 881 3117 the
896 3068 941 3118 rel.
956 3082 1000 3118 see
1017 3069 1051 3118 A.
1067 3069 1112 3118 182
1124 3081 1155 3130 n,·
1174 3067 1209 3117 G.
1224 3069 1282 3120 616
1295 3073 1314 3121 3
1329 3073 1369 3134 1.;

299 3149 475 3212 unselflshly.’
835 3144 869 3193 Η.
881 3145 967 3207 aina
980 3141 1013 3194 B.
1025 3143 1082 3194 254.
1120 3155 1201 3205 quoa
1217 3151 1370 3207 egestas,

330 3226 395 3284 itt.
414 3224 515 3276 27-34.
538 3223 653 3286 palam:
670 3223 731 3270 how
747 3219 811 3286 does
834 3226 895 3281 etc,
911 3219 1016 3270 ‘whom
1033 3221 1104 3270 their
1120 3226 1251 3283 poverty,
1270 3230 1333 3274 etc.
1344 3226 1368 3286 ς’

299 3305 354 3354 this
383 3301 456 3353 word
487 3301 566 3350 differ
596 3300 666 3348 from
691 3297 809 3358 publica,
834 3297 881 3346 but
894 3298 915 3346 it
927 3298 949 3346 is
960 3298 1048 3346 better
1058 3303 1087 3345 to
1100 3309 1204 3346 reverse
1216 3299 1272 3348 the
1285 3314 1373 3351 cases

300 3380 317 3430 i.
335 3379 389 3429 28?
422 3389 503 3426 unua
525 3379 642 3431 auctor,
665 3388 695 3422 as
718 3371 812 3421 Metel·
833 3374 862 3423 0i
884 3374 931 3422 the
954 3373 1000 3423 rei.
1024 3373 1078 3422 aud
1101 3386 1170 3435 pers.
1196 3387 1373 3435 prououns:

299 3456 354 3506 ius:
370 3453 539 3516 er.§3t.16.
568 3463 632 3510 non
647 3448 742 3498 modo
759 3483 766 3496 .
782 3483 811 3498 ..
835 3450 941 3499 ‘whose
958 3456 1079 3512 poverty,
1098 3455 1148 3498 etc.
1168 3485 1175 3498 .
1197 3486 1203 3498 .
1226 3486 1234 3500 .
1257 3453 1371 3503 them)

299 3532 371 3582 aed:
388 3532 462 3579 what
483 3533 517 3578 is·
530 3530 564 3578 its
586 3525 703 3576 formula
724 3515 811 3573 here'?
833 3526 1007 3583 addixerat,
1032 3525 1100 3574 ‘had
1124 3525 1205 3574 made
1231 3530 1333 3590 over,'
1358 3544 1375 3578 a

300 3605 543 3658 insularem?
575 3606 748 3666 praestare:
768 3614 811 3650 see
834 3602 903 3664 legal
926 3609 994 3651 term
1017 3602 1081 3650 used
1105 3601 1134 3650 oi
1164 3602 1213 3650 the
1246 3613 1377 3666 praetor

299 3699 336 3736 on
349 3685 397 3734 lV.
412 3683 509 3732 Mi.
835 3680 895 3727 who
927 3678 1051 3740 assigned
1075 3691 1092 3726 a
1114 3677 1248 3738 disputed
1284 3682 1377 3743 piace

833 3755 863 3804 oi
880 3759 1006 3817 property
1026 3758 1055 3803 to
1074 3765 1127 3802 one
1145 3752 1175 3801 of
1193 3753 1250 3805 the
1266 3756 1380 3808 claim.

333 3837 394 3890 2-7.
410 3832 812 3893 victora‘victoriousz'sub
833 3834 902 3882 ants.
