2838 4380
214 246 277 314 366
572 262 777 314 nersromn
799 263 995 314 suaseras.

266 433 393 498 iudices
410 434 457 500 ita
480 434 586 500 fortes
609 442 722 500 tamen
745 433 897 510 fuerunt,
922 442 962 499 ut
988 453 1118 499 summo
1143 437 1325 520 proposito

269 538 417 621 periculo
449 539 502 602 vel
534 541 640 623 perire
671 539 851 604 maluerint
881 559 982 623 quam
1012 538 1150 624 perdere
1181 542 1323 606 omnia:

269 659 375 704 xxxi.
400 641 549 718 fuerunt,
574 663 658 727 quos
682 643 786 708 fames
806 645 912 730 magis
936 664 1036 728 quam
1058 643 1149 709 fama
1173 667 1326 712 eommo-

215 762 244 808 so
267 755 379 822 veret3
404 768 547 830 quorum
576 747 717 811 Catulus
746 769 822 812 eum
847 747 987 812 vidisset
1003 748 1181 833 quendam,
1199 753 1324 836 “quid

266 849 357 924 vos,’'
375 851 497 934 inquit,
517 861 535 889 ‘t
548 850 785 935 praesidiuma
810 851 903 916 nobis
926 852 1171 940 postulabatis?
1192 875 1246 933 an,
1271 879 1321 922 ne

225 955 394 1020 tnurnmi
435 953 529 1019 vobis
572 955 789 1040 eriperentur,
832 956 1055 1021 timebatis?”
1117 957 1241 1037 Habes,
1275 971 1322 1026 ut

267 1056 459 1123 brevissime
476 1059 583 1143 potui,
600 1079 708 1145 genus
724 1058 839 1124 iudioii
864 1068 899 1124 et
921 1080 1057 1124 causam
1079 1062 1319 1130 absolutionis.

267 1162 408 1240 Quaeris
424 1162 591 1249 deinceps,
608 1164 667 1248 qui
683 1185 772 1229 nuno
785 1166 829 1229 sit
842 1173 951 1232 status
964 1189 1075 1232 rerum
1087 1175 1123 1233 et
1134 1169 1194 1255 qui
1206 1191 1317 1236 meus.

212 1277 242 1324 so
265 1262 326 1326 Rei
351 1262 503 1347 publicae
528 1271 654 1329 statum
681 1265 786 1339 illum,
805 1287 904 1350 quem
923 1276 961 1333 tu
985 1290 1059 1334 meo
1080 1271 1231 1346 oonsilio,
1248 1293 1318 1358 ego

266 1361 380 1425 divino
411 1362 642 1426 oouiirmaturn
674 1365 843 1449 putabam,
878 1370 937 1453 qui
967 1369 1130 1433 bonorum
1160 1372 1318 1436 omnium

267 1465 500 1530 coniunctione
532 1480 567 1531 et
605 1469 803 1534 auctoritate
837 1474 1032 1538 consulatus
1062 1475 1127 1539 mei
1158 1474 1246 1539 fixus
1277 1485 1319 1540 et

263 1568 425 1633 fundatus
442 1569 627 1646 videbatur,
646 1572 709 1636 nisi
732 1575 807 1658 quis
831 1597 891 1640 nos
913 1577 996 1642 deus
1014 1579 1207 1662 respexerit
1224 1580 1318 1664 elap

261 1695 337 1736 sum
367 1674 452 1737 seito
477 1695 548 1738 esse
575 1674 617 1740 de
645 1678 798 1743 manibus
832 1702 900 1744 uno
928 1681 989 1746 hoo
1013 1681 1147 1758 iudicio,
1174 1684 1202 1747 si
1227 1683 1318 1747 iudi·

209 1791 240 1838 95
262 1779 352 1843 oium
377 1786 430 1842 est
456 1779 595 1865 triginta
623 1783 772 1848 homines
805 1788 921 1870 populi
954 1788 1095 1852 Romani
1123 1788 1317 1854 levissimos

260 1905 298 1948 ao
329 1885 551 1970 nequissimos
584 1889 767 1952 nummulis
802 1892 946 1974 acceptis
978 1893 1030 1955 ius
1061 1913 1098 1956 ao
1130 1891 1180 1955 fas
1212 1914 1315 1958 omne

261 1987 372 2054 delere
388 1997 431 2065 et,
450 1988 541 2074 quod
558 2011 671 2054 omnes
691 2014 757 2055 non
776 1993 874 2057 modo
891 1995 1049 2072 homines,
1067 2018 1184 2061 verum
1208 1997 1314 2062 etiam

260 2094 404 2178 pecudes
428 2093 556 2160 iactum
580 2117 652 2162 esse
676 2097 793 2172 sciant,
810 2098 845 2162 id
869 2099 1009 2163 Talnam
1034 2109 1068 2164 et
1091 2101 1250 2165 Plautum
1275 2111 1315 2167 et

260 2197 440 2285 Spongiam
471 2206 506 2263 et
536 2207 661 2264 ceteras
702 2201 892 2266 huiusmodi
924 2206 1123 2288 quisquilias
1161 2214 1313 2271 statuere

219 2305 444 2388 'Inumquanr
482 2325 554 2370 esse
595 2302 743 2381 iaetum3
786 2306 846 2370 sed
884 2315 1006 2382 tamen,
1046 2317 1085 2373 ut
1122 2319 1154 2373 te
1193 2309 1233 2373 de
1273 2332 1312 2375 re

290 2491 391 2542 83-85.
416 2492 469 2542 vel
500 2492 607 2554 perire,
637 2491 718 2540 ‘even
742 2497 771 2540 to
829 2490 931 2542 95-98.
948 2494 1063 2554 populi.
1086 2495 1212 2557 partitive
1239 2497 1310 2546 with

259 2569 367 2632 perish,'
388 2571 434 2618 the
451 2569 584 2618 intensive
603 2582 651 2617 use
674 2568 703 2617 of
721 2567 769 2617 vel.
795 2569 842 2617 the
857 2569 997 2632 following
1016 2571 1185 2632 superlative.
1220 2584 1310 2620 num-

260 2643 401 2694 Catulus:
434 2645 465 2706 Q.
494 2646 619 2695 Lutatius
648 2644 769 2705 Catulus,
794 2645 893 2699 mulis.
919 2646 1007 2696 ‘some
1030 2643 1118 2709 paltry
1137 2647 1238 2697 eoinsz'
1265 2649 1311 2698 ior

258 2722 306 2771 the
324 2723 412 2773 leader
428 2725 457 2774 oi
475 2725 520 2773 the
542 2722 695 2784 optimates
709 2735 770 2771 con·
796 2723 851 2772 this
869 2737 946 2772 sense
963 2723 992 2773 oi
1014 2723 1061 2772 the
1078 2723 1239 2773 diminutive
1269 2721 1307 2774 of.

213 2857 214 2864 ἵ
258 2798 299 2847 sul
312 2799 339 2848 in
353 2799 392 2859 18,
406 2798 466 2849 dieti
480 2801 508 2848 in
519 2801 558 2848 00.
794 2801 862 2848 Mur.
878 2799 923 2847 75.
936 2801 974 2859 10,
983 2800 1027 2849 ior
1037 2801 1152 2849 another
1164 2799 1212 2850 IV.
1226 2799 1252 2847 3.
1266 2802 1306 2850 14.

290 2875 453 2932 1087-94.
471 2882 506 2927 ut
518 2879 623 2940 potui:
641 2893 676 2929 sc.
692 2892 770 2939 expo·
793 2876 842 2924 ius
871 2889 908 2926 ao
932 2875 988 2930 fas.
1008 2876 1125 2925 ‘human
1143 2877 1196 2925 and
1213 2877 1307 2926 divine

257 2968 329 3004 nere.
365 2955 487 3004 divino:
511 2956 545 3004 ef.
570 2955 621 3004 111.
648 2953 770 3014 18.1e;
795 2954 884 3016 rigin‚’
907 2954 1007 3016 always
1030 2953 1095 3001 with
1120 2953 1174 3002 this
1196 2953 1308 3002 distine-

258 3030 354 3080 2235.
391 3031 527 3079 omnium
539 3030 768 3079 coniunctione.
793 3031 859 3080 tion.
893 3043 956 3079 non
968 3029 1064 3078 modo
1080 3064 1087 3077 .
1104 3064 1110 3076 .
1127 3064 1133 3076 .
1150 3028 1306 3091 pecudes:

258 3105 341 3156 What
349 3121 403 3155 was
413 3108 459 3155 the
468 3107 541 3156 chief
552 3106 671 3170 politieal
681 3107 769 3168 obiect
792 3121 836 3156 see
853 3123 889 3158 on
908 3108 945 3158 II.
965 3107 1010 3156 20.
1027 3107 1067 3167 36,
1080 3106 1134 3156 and
1152 3106 1241 3154 notice
1258 3107 1306 3156 the

259 3184 288 3233 oi
305 3182 399 3232 Cicero
411 3184 438 3232 in
451 3184 493 3232 his
510 3184 688 3246 consulship?
720 3184 769 3234 See
792 3182 919 3231 different
946 3180 1125 3231 correlatives.
1171 3178 1306 3236 Talnam,

258 3259 353 3309 onIV.
365 3258 410 3307 1⁵.
420 3259 451 3312 27
460 3261 513 3309 and
521 3276 546 3324 p.
559 3261 668 3320 39,§70.
691 3260 769 3310 iudi·
791 3263 852 3319 ete,
871 3259 999 3320 probably
1017 3258 1064 3306 the
1082 3262 1154 3307 most
1174 3257 1306 3320 insigniti-

258 3335 350 3397 otum,
375 3342 440 3386 ete:
458 3337 512 3387 this
536 3339 558 3387 is
581 3337 663 3400 really
682 3337 768 3398 predi·
791 3335 904 3385 cantor
927 3335 973 3384 the
995 3334 1144 3396 thirty-one
1163 3333 1187 3395 (5
1203 3335 1227 3383 5.
1246 3335 1303 3394 Sti:

258 3416 325 3469 cate,
345 3411 424 3461 while
447 3412 493 3462 the
516 3414 621 3475 subject
639 3414 667 3462 ot
689 3416 733 3462 est
747 3413 768 3462 is
790 3411 825 3460 cf.
840 3425 890 3461 our
901 3412 907 3436 ‘
918 3411 996 3469 T0m‚
1010 3410 1090 3472 Diek,
1105 3411 1159 3460 and
1172 3410 1280 3470 Harryr

258 3489 304 3538 the
338 3489 492 3551 compouud
528 3488 616 3538 clause
653 3491 766 3550 treanta
822 3485 1304 3545 §i.100-106.ut...oonsoler:

258 3565 401 3616 hanzines.
421 3603 427 3615 .
448 3602 454 3615 .
474 3565 563 3615 delere
591 3565 619 3624 (l.
644 3566 686 3627 91)
714 3566 766 3614 and
790 3565 833 3613 for
844 3565 892 3612 the
904 3563 993 3613 clause
1005 3560 1101 3618 0112.
1116 3563 1155 3613 26.
1189 3562 1305 3612 forent

261 3641 374 3691 Talnam
387 3677 393 3690 .
408 3677 415 3691 .
431 3676 437 3690 .
455 3655 511 3690 esse
521 3641 632 3701 saetam
651 3642 678 3702 (1.
699 3641 766 3702 100),
790 3675 842 3689 ...
860 3642 989 3701 peteret,
1008 3653 1149 3701 necessary
1167 3653 1197 3688 or
1219 3652 1305 3689 unne-

258 3717 287 3767 ln
299 3723 382 3768 trans.
394 3719 630 3782 howeverchange
639 3719 686 3767 the
698 3718 768 3767 form
790 3730 895 3779 sessary
924 3715 1113 3780 periphrasis?
1161 3714 1204 3766 01.
1235 3715 1301 3766 suu.

257 3792 379 3859 slightly:
390 3792 428 3845 ‘ii
436 3794 458 3845 it
466 3795 514 3846 isa
523 3795 593 3858 trial,
606 3793 704 3857 when‚'
715 3799 766 3845 ets.
790 3792 836 3844 41.
849 3793 892 3857 143
910 3792 947 3843 11.
961 3791 986 3841 4.
999 3792 1038 3844 10.
