2954 4374
233 303 235 308 ·
261 280 324 352 216
581 298 652 350 rao
675 298 706 351 n.
731 298 891 352 unauna
914 297 1063 352 onemo.

311 474 472 540 invidiam
496 495 574 539 vero
606 473 657 538 his
688 474 895 560 temporibus
918 473 1039 540 habere
1071 470 1264 539 consulatus
1288 473 1359 561 ipse

311 578 439 642 nullam
453 585 585 663 potest3
610 577 753 643 obicitur
769 581 858 643 enim
873 578 1087 643 contionibus
1110 578 1358 656 seditiosorum,

259 696 289 742 ao
310 681 439 747 insidiis
456 683 715 758 coniuratorum,
733 683 809 748 telis
834 681 1009 761 Catilinae,
1026 683 1069 747 ad
1092 705 1189 748 omne
1212 682 1358 770 denique

311 787 496 872 perieulum
519 793 622 872 atque
646 787 688 851 ad
712 810 843 852 omnem
869 789 1024 851 iniuriam
1048 788 1140 852 solus
1166 790 1357 874 opponitur.

259 891 299 957 88
312 889 423 971 Quare
441 889 523 975 quid
540 891 762 957 invidendum
779 892 939 958 Murenae
956 901 1017 957 aut
1032 893 1190 978 cuiquam
1207 901 1359 958 nostrum

310 996 405 1060 sitin
421 995 484 1060 hoc
500 997 669 1080 praeclaro
686 995 874 1074 consulatu,
891 1019 958 1062 non
976 997 1084 1075 video,
1102 998 1247 1073 iudices3
1272 1019 1358 1083 quae

312 1121 391 1166 vero
406 1099 594 1165 miseranda
616 1087 707 1178 sunt,
724 1124 762 1166 ea
785 1109 820 1168 et
842 1102 923 1165 mihi
947 1110 1034 1184 ante
1050 1103 1164 1167 oculos
1182 1111 1359 1167 versantur

312 1213 347 1270 et
369 1226 428 1270 vos
453 1204 566 1270 videre
594 1214 629 1271 et
658 1209 845 1292 perspicere
877 1209 1027 1293 potestis.
1090 1224 1163 1270 xm.
1188 1206 1234 1284 Si,
1266 1207 1359 1292 quod

313 1308 466 1394 Iuppiter
488 1331 585 1375 omen
609 1311 760 1376 avertat!
785 1311 875 1376 huno
900 1313 1019 1377 vestris
1043 1313 1219 1377 sententiis
1243 1311 1359 1375 adflix-

312 1413 414 1490 eritis‚
431 1435 498 1497 quo
515 1435 549 1479 se
575 1416 673 1479 miser
696 1415 834 1481 vertet?
858 1415 1062 1481 domumne?
1086 1424 1125 1480 ut
1148 1437 1219 1480 earn
1245 1417 1359 1502 imagi·

312 1537 388 1582 nem
418 1518 592 1582 clarissimi
624 1520 696 1597 viri,
729 1521 876 1606 parentis
907 1521 970 1597 sui,
1001 1541 1102 1606 quarn
1134 1521 1248 1604 paucis
1279 1527 1358 1584 ante

274 1637 288 1682 t
310 1621 429 1686 diebus
445 1623 628 1687 laureatam
641 1624 677 1687 in
693 1645 754 1688 sua
771 1625 997 1710 gratulatione
1014 1623 1200 1708 conspexit,
1219 1623 1358 1689 eandem

312 1724 531 1790 deformatam
555 1728 738 1814 ignominia
771 1729 1013 1815 lugentemque
1037 1727 1174 1793 videat?
1235 1727 1290 1791 An
1315 1728 1359 1792 ad

310 1838 460 1912 matrem,
485 1852 571 1916 quae
603 1833 723 1896 misera
747 1832 845 1896 modo
870 1832 1041 1898 consulem
1069 1832 1219 1896 osculata
1250 1831 1358 1896 filium

311 1957 409 2000 suum
434 1957 525 1999 nunc
548 1937 718 2001 cruciatur
741 1945 776 2002 et
795 1938 939 2002 sollicita
961 1944 1022 2014 est,
1039 1959 1081 2002 ne
1097 1935 1242 2001 eundem
1259 1938 1359 2021 paulo

258 2041 299 2107 ad
313 2050 390 2126 post
411 2045 591 2128 spoliatum
616 2044 707 2107 omni
731 2042 896 2129 dignitate
921 2041 1127 2127 conspiciat?
1174 2040 1241 2105 Sed
1274 2042 1359 2125 quid

260 2161 290 2208 10
311 2169 372 2235 ego
389 2133 529 2213 matrem
546 2149 617 2214 eius
635 2155 694 2212 aut
711 2147 846 2211 domurn
863 2147 1004 2232 appello,
1022 2168 1123 2232 quem
1141 2167 1227 2210 nova
1251 2167 1360 2230 poena

312 2253 396 2339 legis
406 2261 441 2317 et
450 2251 548 2317 domo
559 2260 593 2318 et
606 2260 742 2338 parente
756 2260 791 2316 ct
803 2253 950 2315 omniurn
963 2272 1101 2316 suorum
1112 2249 1357 2315 consuetudine

310 2364 560 2442 conspectuque
587 2356 720 2442 privat?
766 2355 835 2420 Ibit
868 2357 972 2442 igitur
1003 2357 1037 2418 in
1069 2355 1208 2419 exilium
1234 2355 1359 2420 miser?

311 2461 414 2541 Quo?
442 2461 485 2526 ad
515 2462 696 2526 orientisne
730 2461 845 2545 partis,
878 2461 912 2523 in
944 2459 1067 2544 quibus
1098 2480 1201 2523 annos
1231 2459 1357 2523 multos

310 2566 442 2652 legatus
460 2563 537 2642 fuit,
555 2567 722 2630 exercitus
746 2564 855 2639 duxit,
874 2585 927 2628 res
951 2565 1112 2627 maximas
1136 2562 1261 2650 gessit?
1307 2562 1359 2628 At

260 2668 410 2734 lababat
433 2691 593 2756 magnum
620 2670 777 2747 dolorem,
802 2668 892 2734 unde
916 2690 992 2733 cum
1017 2668 1140 2731 honore
1165 2666 1356 2736 decesseris,

313 2773 429 2839 eodem
460 2795 535 2838 cunr
568 2775 751 2862 ignominia
774 2775 906 2840 reverti.
954 2773 1010 2836 An
1035 2795 1069 2837 se
1093 2773 1127 2835 in
1155 2772 1356 2835 contrariam

341 2921 355 2983 ᾗ
377 2921 417 2972 88.
438 2919 483 2968 33.
506 2921 681 2983 praeclaro:
711 2934 756 2970 see
785 2934 819 2969 on
842 2921 991 2980 irnapiaum
1004 2919 1062 2968 into
1073 2918 1119 2967 the
1130 2917 1234 2980 family,
1245 2918 1297 2966 and
1307 2919 1356 2968 the

309 2998 412 3064 §aaa
841 2998 933 3046 maske
961 2996 988 3045 in
1020 2994 1158 3045 Murena's
1186 2994 1243 3044 hall
1274 2993 1354 3044 could

841 3079 889 3124 not
906 3073 1041 3123 therefore
1064 3073 1096 3122 be
1114 3085 1175 3133 very
1193 3085 1348 3122 numerous.

341 3152 404 3210 1,2.
421 3153 506 3214 quod
535 3165 635 3214 omen,
661 3151 711 3201 ‘an
740 3164 820 3201 omen
839 3150 1073 3206 laureatam,
1107 3146 1259 3196 ‘wreathed
1287 3148 1356 3197 with

309 3229 428 3280 which:'
457 3231 504 3279 the
538 3230 663 3280 ominous
691 3227 763 3278 word
798 3228 820 3276 is
839 3225 943 3288 laurel,’
962 3239 997 3275 an
1014 3225 1101 3274 honor
1117 3222 1264 3273 conferred
1275 3237 1352 3286 upon

309 3306 472 3368 adilian-itis
494 3310 523 3356 to
540 3306 630 3355 which
647 3319 722 3355 omen
747 3304 768 3352 is
791 3303 819 3352 in
840 3304 918 3353 those
941 3303 1001 3353 who
1023 3301 1077 3351 had
1105 3299 1316 3350 celebrated
1338 3315 1355 3350 a

308 3382 475 3444 apposition3
492 3382 581 3432 forits
593 3382 710 3444 position
726 3382 754 3429 in
772 3381 820 3429 the
839 3381 973 3443 triumph:
996 3393 1039 3428 see
1060 3378 1090 3440 ἐξ
1114 3378 1153 3438 11,
1173 3377 1207 3426 ad
1231 3376 1277 3442 fin,
1299 3379 1354 3428 and

309 3459 420 3508 relative
433 3459 532 3520 clause,
546 3457 580 3508 A.
594 3459 640 3508 201
659 3457 696 3519 d,·
714 3456 746 3506 G.
760 3457 820 3519 6183
843 3458 879 3506 15.
899 3457 937 3506 13.

309 3533 444 3597 Η.4459;
457 3533 488 3585 Β.
503 3535 627 3600 2514ὸ).
662 3573 673 3594 .
872 3531 1234 3595 §89.10.n0vapoena:
1254 3543 1353 3581 socon

340 3609 401 3658 3-5.
418 3611 588 3672 imaginem.
622 3610 675 3660 For
702 3611 749 3659 the
776 3611 820 3660 ius
840 3610 888 3670 §8.
903 3608 963 3658 2ad
976 3606 1021 3657 fin.
1357 3623 1358 3627 ¹

308 3688 466 3748 tropicam,
479 3701 524 3737 see
540 3701 575 3736 on
588 3700 613 3748 p.
627 3687 667 3746 55,
682 3687 711 3748 ἐξ
725 3687 764 3736 12.
779 3687 817 3735 13.
870 3684 916 3742 16,
928 3683 974 3731 17.
990 3683 1023 3731 in
1032 3682 1220 3732 contrariam
1229 3685 1352 3746 partem

308 3763 446 3814 Murena's
474 3762 737 3826 great-grandfather
765 3761 820 3826 (see
839 3761 948 3809 abdet:
977 3760 1020 3809 for
1042 3761 1089 3809 the
1117 3774 1171 3810 acc.
1197 3760 1285 3810 where
1313 3773 1354 3810 we

308 3855 345 3892 on
370 3839 451 3904 rrae)
480 3841 534 3890 had
559 3840 677 3904 brought
702 3840 748 3889 the
778 3841 820 3889 ius
840 3837 937 3887 should
950 3843 1044 3902 expect
1056 3837 1103 3886 the
1115 3835 1167 3886 abl.
1182 3837 1212 3886 oi
1228 3835 1303 3900 place
1315 3837 1351 3888 ei.
