2838 4380
253 283 318 350 450
611 291 683 346 nno
706 296 734 346 r.
758 295 884 346 suerro
907 295 1055 347 orario.

307 476 343 534 et
366 467 459 552 quod
483 468 531 532 ita
557 466 675 531 domus
704 468 776 552 ipsa
803 466 964 543 fumabat,
991 474 1031 531 ut
1055 469 1163 532 multa
1189 469 1263 533 eius
1292 491 1358 534 ser·

307 573 414 636 monis
439 571 564 635 indicia
587 569 788 647 redolerent,
812 570 1002 635 statuebam
1026 573 1083 647 sio,
1101 571 1180 636 boni
1203 572 1290 637 nihil
1317 575 1359 638 ab

307 676 375 741 illis
393 676 493 762 nugis
509 697 580 740 esse
597 674 874 759 exspectandum,
891 677 970 738 mali
992 675 1131 760 quidem
1154 683 1245 742 certe
1270 679 1359 742 nihil

254 799 284 844 aa
306 779 620 867 pertimescendum.
667 778 734 844 Sed
751 780 798 843 ita
821 787 883 855 est,
900 779 1048 862 iudices:
1075 781 1133 858 Ut,
1150 782 1178 845 si
1202 781 1360 868 gladium

308 907 411 971 parvo
433 905 538 968 puero
561 884 665 948 autsi
688 883 846 961 inbecillo
869 885 944 948 seni
978 892 1037 948 aut
1072 883 1176 949 debili
1208 885 1360 962 dederis

291 990 377 1074 'ipse
409 989 538 1072 impetu
569 1009 632 1062 suo
663 987 790 1051 nemini
823 996 950 1064 noceat,
981 988 1034 1052 sin
1065 988 1106 1052 ad
1139 987 1272 1053 nudum
1307 992 1362 1055 vel

308 1092 483 1157 fortissimi
515 1092 580 1156 viri
611 1112 733 1175 corpus
764 1093 951 1166 accesserit,
984 1093 1092 1176 possit
1122 1094 1192 1158 acie
1224 1094 1303 1178 ipsa
1329 1103 1363 1159 et

308 1195 385 1262 ferri
414 1194 541 1261 viribus
570 1196 758 1272 vulnerare,
787 1197 846 1272 sic,
863 1218 940 1261 oum
965 1195 1157 1260 hominibus
1186 1201 1363 1264 enervatis

255 1317 285 1363 eo
307 1308 409 1385 etque
426 1299 654 1386 exsanguibus
682 1301 878 1366 consulatus
907 1308 1079 1384 tamquam
1105 1300 1241 1387 gladius
1268 1313 1365 1367 esset

309 1403 418 1480 datus,
442 1405 502 1488 qui
525 1425 585 1488 per
607 1425 642 1468 se
667 1425 817 1491 pungere
842 1405 1010 1470 neminem
1033 1426 1195 1489 umquem
1229 1408 1365 1490 potuis·

307 1514 393 1583 sent,
420 1508 445 1571 ii
475 1509 599 1572 summi
621 1507 752 1593 imperii
783 1510 917 1574 nomine
948 1510 1067 1572 armati
1098 1508 1262 1573 nudatam
1292 1533 1365 1575 rem

308 1611 476 1697 publicam
514 1600 845 1677 contrucidaverunt.
915 1613 1047 1678 Foedus
1083 1611 1241 1678 fecerunt
1283 1636 1365 1678 eum

309 1715 444 1781 tribuno
475 1716 520 1800 pl.
552 1716 672 1800 palam,
704 1724 745 1780 ut
774 1716 815 1781 ab
844 1739 884 1782 eo
924 1718 1112 1802 provincias
1152 1719 1365 1802 acciperent,

256 1837 285 1883 aa
307 1841 391 1906 quas
426 1820 490 1905 ipsi
521 1819 659 1896 vellent,
691 1822 877 1886 exereitum
907 1830 943 1886 et
972 1823 1160 1907 pecuniam,
1192 1831 1366 1906 quantam

309 1923 447 2001 vellent,
472 1924 673 2010 salegast
705 1925 770 2009 ipsi
804 1926 898 2010 prius
934 1925 1069 1990 tribuno
1104 1925 1148 2009 pl.
1184 1923 1366 1990 adflictam

307 2036 343 2095 et
365 2029 579 2094 constrictam
605 2050 674 2093 rem
702 2028 870 2113 publicam
898 2029 1127 2094 tradidissent.
1174 2028 1216 2092 ld
1243 2039 1367 2095 autem

308 2133 427 2200 foedus
458 2155 531 2199 meo
561 2134 723 2219 sanguine
756 2135 861 2197 ictum
890 2135 1011 2197 sanciri
1051 2155 1146 2218 posse
1187 2132 1365 2200 dicebant.

256 2238 389 2319 25Qua
420 2259 453 2302 re
487 2236 655 2322 patefacta
692 2239 822 2321 (neque
858 2239 946 2303 enirn
980 2237 1186 2302 dissimulari
1222 2244 1365 2302 tantum

255 2359 285 2404 40
306 2344 415 2408 scelus
442 2350 574 2427 poterat
601 2363 662 2406 nec
689 2341 812 2424 latere)
839 2343 1099 2428 promulgantur
1129 2362 1197 2404 uno
1226 2342 1366 2408 eodem-

307 2469 374 2533 que
390 2455 537 2532 tempore
554 2447 745 2532 rogationes
762 2445 804 2510 ab
827 2445 943 2512 eodem
967 2445 1102 2510 tribuno
1126 2444 1167 2510 de
1192 2466 1272 2511 mea
1289 2469 1366 2534 per·

307 2552 394 2616 nicie
410 2550 500 2616 etde
517 2550 699 2634 provinciis
716 2550 892 2614 consulum
910 2550 1118 2615 nominatim.

338 2833 403 2896 524.
422 2833 524 2881 22-27.
541 2832 680 2882 domus
699 2868 705 2880 .
723 2867 752 2880 ..
774 2845 820 2882 re·
873 2832 919 2891 ³1,
931 2832 977 2881 ³2.
993 2844 1137 2895 pungere,
1162 2831 1327 2885 ‘soratchz’
1351 2851 1366 2886 a

306 2910 456 2966 dolerent,
468 2907 525 2958 ‘his
535 2922 599 2970 very
611 2909 695 2958 house
707 2909 818 2958 smoked
843 2910 918 2959 weak
930 2910 1003 2960 word
1016 2909 1038 2958 is
1050 2909 1116 2958 used
1128 2909 1171 2958 for
1183 2909 1231 2958 the
1247 2912 1322 2962 sake
1339 2913 1367 2962 oi

306 3000 336 3036 so
343 2986 403 3035 that
414 2999 496 3046 many
505 2985 580 3033 hints
589 2984 618 3033 ot
631 2985 672 3034 liis
682 2984 740 3034 talk
750 2998 819 3034 were
841 2992 961 3035 contrusi
980 2992 1009 3036 to
1032 2986 1079 3034 the
1101 2999 1199 3047 savage
1217 2991 1366 3039 contrari·

305 3060 468 3126 perceptible
482 3061 575 3123 hythe
593 3060 688 3121 smell‚'
703 3062 757 3122 l.e.‚
771 3061 818 3109 the
841 3061 982 3122 doverant,
997 3061 1014 3110 1.
1029 3061 1069 3111 33.
1094 3060 1207 3110 summi
1219 3061 1365 3124 imperti:

305 3137 476 3199 atmosphere
499 3136 529 3185 ot
550 3136 596 3185 the
616 3137 700 3185 lrouse
720 3135 817 3185 reeked
840 3136 874 3184 ct.
895 3136 909 3197 ξ
929 3136 965 3188 17.
985 3137 1025 3186 31.

305 3216 335 3266 of
346 3216 388 3264 his
399 3215 458 3265 talk
469 3215 498 3263 of
509 3213 614 3264 seusuul
627 3203 815 3277 grat'ification.
871 3209 973 3259 35-38.
990 3210 1165 3260 exercitum
1194 3213 1230 3258 et
1265 3225 1367 3274 peon-

306 3291 446 3354 quidem:
468 3290 503 3340 cf.
525 3291 590 3352 §lit
606 3291 643 3340 18.
678 3290 728 3346 Ut,
751 3288 815 3352 ‘aa'
839 3287 929 3344 niam,
943 3287 987 3336 ior
1004 3301 1051 3336 use
1068 3287 1097 3335 in
1115 3286 1186 3335 their
1201 3290 1365 3348 provinces

305 3368 469 3429 lntroduces‚
480 3368 528 3416 but
536 3367 600 3417 does
612 3372 661 3416 not
674 3365 815 3426 influencc‚
838 3362 937 3412 totum
947 3387 973 3412 =
983 3365 1186 3423 cetetonem,
1195 3360 1202 3386 ‘
1212 3363 1368 3417 issolemn·

304 3443 353 3492 the
374 3443 454 3493 mood
476 3443 506 3491 oi
527 3445 633 3503 noceat,
658 3441 675 3490 l.
698 3441 738 3501 at,
762 3442 817 3490 and
840 3440 897 3490 ized
909 3441 975 3489 with
992 3453 1038 3502 my
1049 3437 1156 3502 blood3’
1176 3439 1227 3489 the
1245 3444 1369 3507 making

305 3519 328 3568 ls
358 3518 515 3568 correlative
543 3518 610 3568 with
644 3519 692 3575 sic,
722 3517 739 3566 l.
776 3517 814 3566 29.
839 3517 900 3566 ota
919 3522 1074 3578 treatywas
1092 3515 1246 3566 concluded
1265 3520 1309 3584 by
1324 3522 1369 3571 the

306 3593 432 3644 dederis
456 3629 462 3642 .
487 3629 493 3642 .
519 3629 524 3640 .
549 3596 677 3642 noceat:
705 3593 748 3642 for
770 3594 818 3642 tlre
839 3593 954 3655 offering
971 3593 1000 3642 of
1016 3606 1032 3640 a
1049 3591 1178 3641 sacrifice.

305 3671 443 3721 condition
462 3671 496 3720 ci.
517 3669 538 3718 I.
559 3669 605 3719 19.
624 3672 651 3729 23
674 3669 736 3719 how
754 3670 817 3718 does
872 3670 937 3730 §it
956 3669 1001 3716 41.
1013 3668 1212 3729 rogationes:
1226 3670 1278 3721 ior
1292 3674 1370 3724 these

305 3747 413 3798 dederis
434 3746 514 3798 differ
535 3747 607 3798 from
632 3746 679 3795 dee
702 3745 731 3794 in
758 3759 819 3809 pro·
841 3746 901 3794 bllls
922 3759 966 3794 see
984 3745 1033 3807 Ep.
1055 3744 1122 3795 VII.
1144 3743 1201 3801 int.
1220 3746 1308 3800 Note
1323 3749 1368 3800 ιΙ.’

305 3823 393 3875 tusis?
465 3885 468 3889 ⁴
840 3820 1045 3888 andnoteoul.¹
1062 3821 1101 3888 1.⁰·.
