2870 4376
414 297 494 348 cnr.
519 300 607 361 rere,
632 299 646 362 s
669 301 757 350 coca.
1095 289 1160 356 483

53 468 103 533 rei
132 467 287 553 publicae
313 468 397 534 nihil
422 470 536 555 prosit,
553 492 590 535 se
613 472 679 536 civi
704 493 775 538 rem
798 471 966 557 publicam
987 474 1107 558 privet.

54 571 211 638 Consule
238 595 290 638 me
319 594 396 637 oum
424 581 512 638 esset
547 573 744 661 designatus
779 576 935 640 tribunus
965 577 1022 662 pl.,
1054 578 1134 643 ob·-

53 676 193 740 tulitin
215 675 396 742 discrimen
421 678 524 742 vitam
549 700 664 752 sua1n3
689 678 777 744 dixit
800 701 872 744 earn
896 682 1109 759 sententiam,
1132 703 1161 748 aa

53 780 157 844 cuius
174 779 337 845 invidiam
360 782 480 866 capitis
502 783 652 866 periculo
677 781 739 846 sibi
763 783 995 867 praestandam
1020 786 1109 852 vide·

53 883 137 959 bat3
162 883 251 949 dixit
277 885 504 962 vehementer,
532 887 604 973 egit
633 887 763 962 acriter,
795 909 842 963 ea,
876 910 962 974 quae
993 892 1109 968 sensit,

54 1009 137 1072 prae
154 1009 190 1054 se
214 987 304 1065 tulit,
321 988 402 1066 dux,
419 996 547 1065 auctor,
564 998 656 1055 actor
671 1012 782 1055 rerum
800 992 934 1056 illarum
948 993 1025 1070 fuit,
1039 1017 1107 1060 non

54 1085 127 1176 quo
159 1092 347 1176 periculum
377 1114 477 1156 suurn
508 1114 575 1156 non
607 1091 747 1168 videret,
779 1093 839 1158 sed
868 1095 904 1159 in
935 1103 1030 1160 tanta
1060 1099 1108 1163 rei

54 1194 212 1279 publicae
239 1202 441 1281 tempestate
468 1196 553 1260 nihil
576 1196 639 1262 sibi
662 1197 728 1262 nisi
750 1197 791 1263 de
808 1200 935 1284 patriae
951 1201 1109 1286 periculis
1133 1222 1162 1268 ao

54 1298 276 1386 cogitandum
291 1299 443 1384 putabat.

100 1420 205 1469 xxix.
239 1403 453 1470 Consecutus
469 1411 522 1470 est
541 1406 648 1490 ipsius
672 1405 875 1472 tribunatus.
922 1407 1016 1488 Quid
1038 1432 1101 1498 ego
1122 1415 1162 1478 62

55 1506 98 1573 de
120 1509 286 1595 singulari
309 1508 543 1596 magnitudine
567 1511 672 1574 animi
695 1512 769 1576 eius
792 1533 829 1576 ac
853 1511 894 1578 de
917 1514 1108 1580 incredibili

56 1613 187 1678 virtute
213 1613 349 1678 dicam?
394 1613 599 1680 Meministis
626 1615 724 1680 illum
752 1615 850 1694 diem,
879 1639 955 1682 curn
982 1621 1107 1704 templo

56 1737 77 1780 a
101 1717 232 1804 collega
255 1724 429 1802 occupato,
447 1716 541 1784 nobis
565 1718 720 1783 omnibus
744 1718 875 1784 devita
898 1722 970 1786 eius
986 1723 1049 1787 viri
1072 1732 1108 1788 et

56 1823 143 1888 civis
159 1820 358 1886 timentibus
374 1823 445 1907 ipse
458 1823 569 1886 animo
582 1822 772 1888 firmissimo
785 1825 880 1890 venit
893 1826 927 1888 in
944 1827 1113 1912 templum·
1130 1844 1146 1890 0

56 1934 93 1992 et
108 1910 286 1990 clamorem
302 1925 477 1990 hominurn
493 1927 705 2002 auctoritate,
723 1928 875 2012 inpetum
890 1929 1118 2014 inproborum

57 2029 185 2095 virtute
216 2027 358 2094 sedavit.
405 2028 504 2094 Adiit
531 2037 605 2094 tum
632 2032 832 2114 periculum,
860 2032 921 2098 sed
951 2033 1035 2098 adiit
1064 2035 1107 2101 ob

57 2155 131 2198 eam
154 2154 299 2210 oausam,
317 2155 402 2218 quae
427 2141 554 2219 quanta
577 2133 692 2210 fuerit,
709 2137 775 2198 iam
797 2135 880 2199 mihi
904 2136 1014 2202 dicere
1039 2160 1106 2204 non

59 2245 111 2303 est
125 2259 269 2302 necesse.
316 2237 367 2302 At
381 2238 409 2302 si
423 2239 480 2302 isti
493 2237 639 2324 Cypriae
650 2240 816 2325 rogationi
829 2241 1102 2309 sceleratissimae

58 2363 127 2406 non
149 2343 325 2426 paruisset,
343 2341 496 2408 haereret
518 2342 576 2406 illa
603 2342 709 2406 nihilo
738 2344 848 2408 minus
877 2347 925 2410 rei
954 2345 1106 2430 publicae
1131 2365 1160 2410 10

59 2445 254 2531 turpitud03
286 2468 390 2532 regno
414 2447 503 2511 enirn
526 2447 592 2509 ianr
616 2446 787 2530 publicato
811 2447 851 2512 de
875 2449 948 2533 ipso
977 2449 1105 2516 Catone

58 2557 130 2614 erat
159 2550 359 2614 nominatim
389 2557 555 2636 rogatum.
603 2549 704 2630 Quod
738 2551 795 2616 ille
825 2553 853 2616 si
885 2553 1103 2638 repudiasset,

954 2693 1107 2702 Ἥ

90 2748 193 2798 23-30.
216 2761 251 2799 ιο
269 2750 339 2807 civi,
366 2748 412 2800 ‘of
436 2763 452 2799 0
474 2751 571 2812 citizen
596 2752 656 2811 tro,
676 2763 720 2798 see
737 2764 761 2811 p.
780 2750 819 2811 11,
833 2748 897 2811 186,
911 2750 1043 2814 although
1060 2753 1107 2802 the

60 2825 113 2875 like
125 2825 235 2875 himself
247 2825 267 2874 :’
282 2840 342 2877 case
353 2827 383 2875 01
398 2827 464 2876 each
477 2827 572 2876 word?
596 2826 723 2887 templum
738 2826 860 2875 Castoris
882 2827 906 2889 (§
926 2827 966 2876 34.
982 2828 1022 2888 12)
1045 2843 1107 2892 may

60 2915 128 2952 eam
143 2903 345 2952 sententiam:
362 2917 406 2953 see
423 2917 449 2965 p.
459 2904 524 2965 38‚§
540 2903 572 2956 67
595 2903 627 2951 be
645 2908 743 2951 ineant.
780 2901 946 2961 hominum,
960 2903 1106 2966 inprobo-

60 2979 94 3030 sd
106 2979 151 3028 tin.
185 2991 258 3041 prae
270 2990 305 3027 ce
321 2979 410 3027 tuuc:
428 2979 571 3028 1011110111-
593 2991 661 3026 rum
670 2979 774 3027 referto
787 2979 913 3028 thesame
923 2982 1105 3042 persorrs‚nnd

61 3056 107 3118 ing
128 3069 171 3106 see
193 3069 229 3104 on
249 3055 299 3117 Ep.
321 3053 356 3104 V.
381 3054 406 3104 3.
425 3056 464 3105 20.
508 3067 571 3104 non
594 3056 640 3104 the
652 3056 750 3105 second
763 3069 822 3118 gen.
838 3056 861 3104 is
874 3057 992 3106 inserted
1006 3058 1105 3120 merely

60 3143 122 3192 quo
138 3167 144 3178 .
162 3166 167 3178 .
185 3166 191 3178 .
208 3131 279 3180 sed:
309 3132 383 3180 what
410 3131 432 3180 is
457 3132 570 3182 omitted
593 3137 622 3180 to
630 3132 742 3181 balance
751 3132 875 3182 theiirst:
886 3133 920 3182 01.
931 3133 997 3183 Sull.
1008 3133 1053 3182 12.
1062 3137 1105 3192 26;

60 3207 125 3259 with
141 3207 211 3256 scd?
239 3207 288 3257 See
299 3221 336 3257 on
348 3207 397 3269 Ep.
412 3208 490 3258 XIX.
504 3207 531 3258 1.
545 3209 568 3259 8.
594 3207 1105 3272 11.1·7.6;1.12.as.quanta=qccm

60 3283 203 3332 1111111111111
212 3283 258 3332 de.
282 3284 317 3333 01.
329 3284 351 3333 I.
360 3283 406 3332 17.
415 3285 456 3344 26,
466 3285 571 3334 audior
593 3285 677 3344 iusta,
702 3284 835 3347 regularly
857 3299 887 3334 so
916 3286 982 3334 with
1007 3300 1100 3338 00000.

61 3359 209 3409 sdlfferent
221 3361 408 3410 construction
419 3361 457 3410 II.
470 3360 516 3409 10.
530 3361 568 3409 15.
593 3372 673 3420 quac
698 3360 833 3421 (relative)
859 3365 976 3421 quanta
1003 3361 1104 3420 fuerit,

595 3436 656 3486 ‘the
678 3437 776 3498 justice
794 3437 824 3486 01
846 3437 935 3486 which
948 3437 975 3486 :’
997 3438 1032 3486 01.
1058 3439 1104 3488 the

92 3513 155 3574 §62
173 3513 233 3562 La
251 3513 444 3562 tribunatus:
468 3513 570 3562 when?
592 3512 695 3561 similar
707 3513 761 3562 ind.
776 3517 862 3574 quest.
878 3513 905 3560 in
920 3514 971 3562 ΙΙΙ.
985 3513 1085 3563 1221.

59 3587 145 3638 illum
167 3588 257 3646 diem,
278 3590 357 3639 when
381 3589 450 3639 Cato
472 3589 568 3638 retoed
623 3588 724 3637 10-12.
742 3587 1116 3652 haereretreipublicae:'

61 3665 106 3714 the
126 3666 250 3728 propcsal
267 3666 297 3715 of
320 3667 363 3715 his
378 3665 515 3727 colleague
535 3665 566 3725 Q.
592 3665 638 3713 the
650 3664 741 3714 dative
751 3666 773 3714 is
783 3678 841 3714 rare
851 3665 916 3713 with
926 3667 1047 3725 haerere,
1061 3667 1104 3716 101

61 3741 183 3793 Metellus
194 3748 223 3792 to
234 3741 315 3792 recall
327 3742 483 3804 Pompeius,
492 3755 517 3804 p.
527 3741 566 3791 39.
591 3742 638 3791 the
650 3740 727 3790 usual
740 3741 924 3791 construction
936 3742 970 3791 01.
987 3742 1007 3790 Ι.
1019 3742 1064 3791 13.
1077 3742 1100 3795 l.

61 3815 121 3875 tto.
145 3819 272 3881 templo,
292 3818 422 3883 probably
444 3818 490 3869 the
512 3831 568 3868 ros·
591 3816 691 3878 Quod,
714 3817 846 3881 referring
867 3823 897 3868 to
923 3818 970 3868 the
992 3818 1102 3882 implied
