2954 4374
570 311 650 362 cnr.
678 313 732 373 1-2‚
757 313 770 374 y
793 311 849 362 2-4.
1198 299 1261 364 223

162 492 253 569 urbe,
284 513 361 557 oum
391 493 526 556 sceleris
557 492 611 556 sui
649 492 755 556 socios
794 491 934 556 huiusce
973 491 1092 557 nefarii
1130 492 1208 558 belli

161 598 338 663 acerrimos
376 595 479 662 duces
518 596 642 662 Romae
674 597 877 681 reliquisset,
908 619 1039 681 semper
1071 598 1209 683 vigilavi

162 710 196 768 et
211 700 353 790 providi,
372 699 533 780 Quirites
551 722 651 786 quem
675 699 718 765 ad
742 700 879 764 modum
902 701 936 764 in
962 702 1065 766 tantis
1082 709 1117 766 et
1140 710 1206 764 tam

161 805 365 872 absconditis
380 803 512 869 insidiis
528 805 614 874 salvi
630 827 701 870 esse
722 827 902 891 possemus
951 822 990 868 11.
1023 805 1108 868 Nam
1127 814 1209 880 lum,

162 932 238 975 cum
255 931 297 975 ex
314 908 394 975 urbe
411 907 593 974 Catilinam
610 908 767 974 eiciebam
787 912 872 994 (nou
898 910 986 974 enim
1010 910 1077 973 iam
1093 931 1210 974 vereor

162 1015 262 1080 huius
293 1012 387 1079 verbi
416 1011 590 1090 invidiam,
624 1035 700 1078 cum
732 1014 790 1077 illa
822 1014 928 1098 magis
967 1014 1012 1078 sit
1049 1015 1208 1090 timenda,

162 1117 254 1204 quod
276 1119 375 1183 vivus
400 1118 552 1202 exierit),
578 1117 638 1183 sed
663 1125 746 1194 tum,
772 1139 849 1183 cum
874 1117 970 1182 illum
994 1119 1209 1182 exterminari

162 1222 327 1300 volebam,
359 1229 419 1286 aut
448 1222 612 1307 reliquam
643 1222 896 1288 coniuratorum
935 1243 1070 1286 manum
1109 1223 1210 1287 simul
1245 1239 1262 1285 5

162 1328 328 1392 exituram
356 1333 417 1391 aut
446 1347 514 1402 eos,
539 1327 600 1410 qui
632 1326 847 1403 restitissent,
871 1326 1021 1392 infirmos
1051 1327 1122 1392 sine
1150 1327 1209 1390 illo

161 1452 199 1496 ac
230 1430 357 1496 debiles
388 1429 458 1494 iore
489 1428 656 1514 putabam.
705 1430 822 1515 Atque
854 1451 916 1516 ego
948 1437 987 1494 ut
1018 1429 1098 1508 vidi,
1123 1434 1251 1515 quos4
1308 1511 1314 1520 ἱ

162 1536 307 1600 maximo
338 1534 452 1600 furore
484 1541 519 1598 et
548 1536 671 1599 scelere
703 1557 774 1599 esse
807 1533 1030 1600 inflammatos
1053 1535 1207 1613 sciebam,
1243 1540 1248 1548 '

161 1662 218 1706 eos
242 1639 416 1706 nobiscum
440 1660 511 1704 esse
540 1646 574 1703 et
599 1640 723 1704 Romae
749 1640 956 1716 remansisse,
973 1640 1008 1702 in
1033 1661 1072 1704 eo
1096 1661 1209 1705 omnes

162 1744 233 1809 dies
248 1751 432 1828 noctesque
452 1745 654 1828 consumpsi,
672 1750 722 1819 ut,
738 1742 822 1828 quid
844 1751 993 1830 agerent,
1011 1743 1094 1828 quid
1118 1745 1210 1808 moli·
1233 1761 1262 1806 10

161 1855 288 1926 rentur,
328 1849 488 1912 sentirem
527 1869 564 1911 ac
604 1847 763 1923 viderem,
793 1854 843 1924 ut,
875 1847 1034 1932 quoniam
1073 1846 1209 1912 auribus

162 1954 282 2019 vestris
320 1960 458 2037 propter
498 1951 728 2016 incredibilem
767 1951 1035 2036 magnitudinem
1073 1953 1208 2017 sceleris

162 2059 321 2122 minorem
339 2056 438 2121 fidem
456 2056 582 2122 faceret
605 2058 711 2120 oratio
734 2078 818 2132 mea,
835 2079 904 2121 rem
928 2058 975 2120 ite
999 2056 1211 2140 comprehen-

162 2163 285 2239 derem,
309 2169 350 2227 ut
373 2169 445 2227 tum
469 2161 605 2226 demum
632 2162 751 2225 animis
777 2162 880 2225 saluti
905 2169 1033 2226 vestrae
1061 2163 1211 2247 provide·

162 2269 252 2344 retis,
269 2289 346 2332 cum
369 2267 476 2331 oculis
499 2266 700 2330 maleficium
726 2267 836 2350 ipsum
862 2266 1031 2332 videretis.
1078 2267 1208 2352 Itaque,
1234 2285 1261 2330 15

162 2381 202 2436 ut
228 2372 373 2456 comperi
401 2371 530 2457 legatos
562 2369 787 2456 Allobrogum
819 2370 899 2436 belli
930 2370 1144 2456 Transalpini
1175 2380 1210 2436 et

161 2565 192 2600 so
204 2551 232 2599 ln
244 2550 258 2610 ξ
270 2549 294 2598 4.
307 2548 322 2601 'l
335 2547 387 2598 and
402 2549 440 2598 16.
474 2547 585 2610 paucis
603 2550 676 2596 ante
696 2547 858 2610 suspension
875 2547 905 2596 oi
921 2546 1037 2596 clauses:
1058 2561 1101 2597 see
1118 2561 1154 2598 on
1172 2548 1209 2598 11.

162 2625 286 2675 diebus:
309 2626 371 2675 how
392 2624 457 2687 long
479 2624 594 2673 before?
627 2624 677 2673 See
695 2624 741 2672 1⁷.
759 2626 783 2674 2.
822 2651 829 2680 v

161 2717 187 2766 p.
201 2703 241 2763 31,
261 2703 316 2763 §51
334 2701 369 2751 ad
386 2701 431 2750 lin.
467 2699 579 2749 duces:
597 2713 677 2750 name
727 2699 812 2758 210.
829 2700 862 2748 ln
881 2712 920 2749 eo
938 2703 982 2759 ut,
1003 2699 1049 2749 ‘ln
1067 2701 1113 2750 the
1131 2701 1211 2751 eliort

161 2780 246 2840 them,
259 2792 286 2841 p.
300 2777 420 2840 32‚§54.
695 2776 743 2827 tc.'
789 2779 923 2838 egerent,
946 2776 1145 2825 molirentur:
1173 2779 1208 2827 cf.

696 2854 765 2903 Mur.
777 2853 824 2904 82.
840 2855 878 2904 18.

193 2932 219 2980 3.
236 2930 328 2980 huius
340 2929 430 2980 verbi
440 2929 599 2988 invidiam,
613 2929 676 2980 ‘the
727 2930 773 2979 13.
790 2930 942 2979 minorem
959 2966 964 2977 .
982 2966 988 2977 .
1006 2965 1011 2978 .
1030 2929 1138 2987 oratio,
1149 2930 1211 2994 ‘my

161 3009 299 3072 prejudiee
318 3007 433 3057 aroused
455 3007 490 3069 by
508 3007 564 3056 this
581 3006 673 3069 word‚’
695 3010 782 3059 words
800 3010 898 3072 gained
916 3009 967 3059 less
984 3007 1127 3057 credence’
1142 3008 1210 3056 than

161 3087 217 3147 i.e.,
241 3085 389 3136 eiciebam:
413 3097 457 3133 see
479 3097 515 3132 on
538 3083 576 3132 ΙΙ.
601 3083 627 3132 1.
649 3083 679 3134 4.,
695 3086 758 3148 they
771 3086 899 3136 deserved
919 3086 975 3146 (see
993 3099 1028 3134 on
1043 3085 1079 3133 ΙΙ.
1093 3083 1119 3133 9.
1131 3084 1167 3144 3),
1181 3099 1211 3132 or

52 3157 60 3176 ‘
161 3161 216 3210 illa
234 3162 369 3222 (invidia),
388 3159 532 3224 explained
549 3161 584 3222 by
602 3161 676 3222 quod
697 3162 759 3212 ‘too
771 3162 841 3212 little
853 3162 999 3213 credence.’
1036 3215 1038 3219 ,

162 3273 169 3287 .
189 3274 195 3287 .
216 3274 222 3288 .
243 3238 348 3287 exierit.
726 3238 829 3297 14,15.
847 3243 882 3288 ut
893 3276 899 3288 .
911 3275 917 3287 .
929 3275 935 3286 .
948 3237 1111 3287 videretis:
1129 3237 1209 3288 while

193 3314 219 3362 4.
236 3313 301 3371 sed,
312 3313 476 3380 resumptive
489 3325 495 3362 :
513 3312 586 3362 what
596 3313 676 3363 other
695 3315 741 3365 the
753 3316 882 3378 meanlng
893 3317 915 3365 is
927 3316 1011 3378 plain,
1025 3329 1041 3364 a
1053 3329 1128 3366 more
1145 3314 1210 3377 logi·

161 3391 235 3441 word
248 3391 334 3453 mlght
346 3389 416 3439 have
428 3391 497 3440 been
506 3389 596 3439 used?
625 3390 675 3440 See
694 3391 735 3441 cal
747 3399 937 3456 arrangement
949 3391 1036 3442 would
1049 3393 1119 3441 have
1130 3391 1208 3452 been,

162 3468 183 3517 Ι.
197 3467 223 3517 9.
241 3469 280 3518 16.
316 3466 526 3523 exterminari,
545 3465 610 3529 ‘put
627 3474 675 3517 out
694 3472 724 3518 ut
737 3469 822 3519 oculis
834 3470 998 3532 maleficiam
1007 3470 1136 3519 videretis
1145 3481 1211 3530 qno·

163 3544 204 3606 (ol
226 3545 274 3594 the
295 3543 397 3604 etate),’
424 3542 601 3606 ‘banished3'
629 3545 674 3594 the
694 3547 769 3594 niam
786 3549 843 3596 ium
861 3547 966 3596 demum
984 3544 1050 3608 (ie,
1070 3560 1153 3595 cum.
1174 3580 1180 3592 .
1200 3580 1207 3593 .

162 3621 289 3684 meaning
320 3619 549 3670 ‘exterminated’
577 3621 599 3670 is
626 3626 675 3670 not
694 3621 833 3684 videretis)
863 3624 963 3672 animis
991 3622 1076 3671 saluti
1103 3625 1209 3670 vestrae

161 3699 247 3748 found
260 3699 288 3747 in
300 3697 422 3747 classical
435 3697 524 3746 Latin.
693 3700 880 3758 provideretis.

193 3774 208 3836 ς
236 3775 259 3825 4.
286 3775 312 3823 7.
337 3787 473 3835 ego...
494 3774 676 3835 consumpsi
726 3774 772 3823 16.
805 3774 890 3836 belli,
908 3774 1075 3823 tumultus:
1099 3774 1142 3824 for
1156 3773 1210 3828 dis·
1274 3791 1278 3800 ’

163 3850 191 3916 (l,
213 3851 266 3922 10),
285 3865 320 3902 an
343 3850 477 3903 excellent
500 3850 623 3920 example
646 3850 676 3899 ol
696 3851 812 3908 tinction
824 3865 916 3909 seeon
927 3851 998 3909 Mur,
1012 3850 1059 3907 22,
1073 3851 1096 3910 6,
