2876 4378
239 327 302 394 548
582 341 654 392 rao
677 343 707 392 r.
733 338 859 392 snsno
883 339 1031 389 onarro.

291 513 525 580 auctoritatem
548 514 722 589 bonorum,
747 511 809 597 qui
822 511 981 576 instituta
996 512 1158 574 maiorum
1183 509 1343 596 neglexe-

239 632 266 677 15
289 625 369 682 runt
395 625 430 682 et
459 619 632 703 imperitae
658 625 718 681 aut
744 616 931 681 concitatae
959 613 1173 678 multitudini
1197 613 1341 678 iucundi

291 743 361 787 esse
393 722 585 798 voluerunt,
618 742 732 785 omnes
763 719 832 785 fere
863 721 910 783 rei
942 718 1095 803 publicae
1126 739 1250 802 poenas
1280 726 1343 781 aut

220 830 272 891 141
289 827 457 911 praesenti
474 834 578 890 morte
600 834 660 890 aut
682 825 773 910 turpi
792 825 893 888 exilio
917 822 1160 909 dependerunt.
1209 821 1341 900 Quodsi

290 930 381 1014 apud
404 929 634 1005 Atheniensis,
651 930 801 993 homines
822 928 967 992 Graecos
995 929 1095 1013 longe
1112 948 1132 990 a
1147 934 1342 991 nostrorum

291 1034 463 1097 hominum
494 1035 660 1120 gravitate
688 1032 866 1108 diiunctos,
898 1052 966 1094 non
997 1030 1146 1108 dee-rant,
1179 1033 1237 1116 qui
1270 1053 1342 1095 rem

238 1138 457 1222 republioam
474 1146 591 1202 eontra
614 1138 730 1222 populi
754 1138 977 1202 temeritatem
1005 1135 1236 1211 defenderent,
1262 1158 1341 1200 oum

292 1243 493 1326 omnesqui
521 1245 568 1306 ita
592 1241 751 1317 fecerant,
776 1262 794 1305 e
818 1241 953 1304 civitate
979 1242 1177 1315 eicerentur,
1201 1242 1230 1304 si
1255 1241 1345 1304 The

294 1347 481 1410 mistoolem
505 1346 612 1434 illum,
630 1352 897 1410 conservatorem
920 1345 1057 1428 patriae,
1083 1365 1149 1407 non
1174 1344 1343 1407 deterruit

294 1473 313 1513 a
340 1471 373 1514 re
402 1450 535 1535 publiea
563 1448 775 1514 defendenda
802 1470 863 1513 neo
890 1446 1037 1512 Miltiadi
1066 1448 1246 1523 calamitas,
1281 1451 1343 1532 qui

292 1554 383 1617 illam
426 1555 599 1618 civitatem
641 1553 742 1638 paulo
780 1561 858 1616 ante
894 1560 1052 1627 servarat,
1094 1573 1154 1616 neo
1194 1552 1343 1616 Aristidi

239 1674 269 1718 ao
291 1657 383 1742 fuga,
401 1659 460 1742 qui
484 1679 571 1722 unus
597 1658 747 1721 omnium
771 1657 975 1722 iustissimus
998 1655 1101 1720 fuisse
1131 1655 1288 1731 traditur,
1315 1658 1345 1720 si

292 1771 407 1845 postea
430 1763 552 1825 summi
578 1761 728 1826 eiusdem
754 1761 902 1826 civitatis
929 1761 1002 1854 viri,
1028 1781 1112 1844 quos
1140 1759 1343 1822 nominatim

292 1864 452 1949 appellari
478 1887 544 1928 non
568 1873 621 1930 est
643 1887 788 1941 necesse,
814 1865 993 1950 propositis
1016 1870 1067 1927 tot
1094 1863 1259 1947 exemplis
1282 1863 1348 1927 ira-

293 1968 434 2034 cundiae
450 1962 668 2053 levitatisque
687 1969 858 2053 popularis
882 1975 995 2032 tamen
1020 1987 1116 2031 suam
1139 1988 1208 2030 rem
1231 1966 1349 2050 publi·

293 2093 366 2138 oam
389 2074 481 2137 illam
505 2072 740 2148 defenderunt,
757 2071 841 2157 quid
869 2093 928 2158 nos
952 2070 1086 2135 tandem
1111 2070 1220 2134 facere
1245 2069 1349 2136 debe·

240 2191 270 2238 ao
291 2199 365 2241 mus
397 2178 541 2262 primum
579 2179 615 2240 in
645 2197 684 2241 ea
721 2177 858 2241 eivitate
899 2176 979 2251 nati,
1018 2174 1108 2240 unde
1147 2182 1220 2238 orta
1260 2176 1348 2240 mihi

293 2282 440 2367 gravitas
471 2287 506 2345 et
535 2279 731 2366 magnitudo
761 2281 864 2344 animi
902 2279 1049 2355 videtur,
1081 2287 1154 2344 tum
1184 2280 1219 2342 in
1247 2287 1351 2344 tanta

293 2385 399 2470 gloria
437 2386 641 2460 insistentes,
677 2390 717 2448 ut
754 2385 865 2448 omnia
897 2383 1044 2448 humana
1074 2385 1201 2450 leviora
1233 2383 1350 2449 videri
1436 2411 1437 2416 ¹

293 2487 446 2563 debeant,
472 2487 592 2552 deinde
623 2488 666 2552 ad
696 2509 770 2552 eam
800 2510 870 2553 rem
900 2488 1069 2573 publicam
1101 2487 1264 2552 tuendam
1291 2489 1354 2552 ad-

291 2594 406 2679 gressi,
433 2614 519 2676 quae
544 2599 637 2655 tanta
662 2591 827 2678 dignitate
850 2599 911 2668 est,
936 2600 976 2656 ut
1003 2613 1075 2657 eam
1099 2577 1352 2658 defendentem
1436 2659 1437 2672 ,

241 2689 444 2760 asoooidere
474 2694 677 2759 laudabilius
714 2697 760 2760 sit
797 2717 899 2780 quam
937 2705 1190 2782 oppugnantem
1230 2718 1353 2761 rerum

294 2799 416 2883 potiri'?
1281 2873 1284 2876 Ι

222 2907 279 2968 142
334 2915 464 2966 nxv111.
490 2902 652 2968 Homines
670 2901 800 2979 Graeci,
813 2925 898 2988 quos
910 2912 1009 2970 antea
1024 2905 1206 2981 nominavi,
1223 2905 1355 2992 inique

295 3007 399 3070 asnis
416 3007 545 3071 oivibus
562 3006 712 3071 damnati
728 3015 831 3091 atque
855 3008 987 3091 expulsi
1012 3016 1135 3084 tamen,
1152 3009 1235 3092 quia
1260 3008 1356 3076 bene

292 3177 342 3237 Ius,
363 3178 411 3227 the
430 3192 579 3240 conqueror
598 3179 628 3228 of
650 3179 696 3228 the
720 3178 805 3228 Gauls
828 3180 965 3241 negativos
978 3180 1013 3229 cf.
1026 3180 1040 3241 ς
1053 3180 1107 3233 107.
1121 3180 1160 3229 23.
1195 3180 1358 3241 Miltiadi,

292 3253 346 3302 and
366 3253 499 3304 rebuilder
510 3255 539 3303 of
557 3255 650 3304 Rome.
827 3255 969 3313 Aristidi,
977 3271 1037 3319 gen.
1047 3268 1120 3306 ease:
1132 3257 1176 3305 for
1185 3257 1358 3310 deciension

324 3326 426 3385 16,1’1.
444 3328 489 3377 rei
503 3329 663 3402 publicae:
686 3329 729 3378 for
745 3342 805 3378 case
827 3345 871 3382 see
883 3332 916 3381 A.
934 3333 966 3381 43
978 3347 995 3382 a
1004 3347 1014 3395 ;
1033 3332 1065 3382 G.
1079 3332 1111 3385 72
1124 3331 1294 3397 (Achilles),
1316 3337 1357 3385 Η.

293 3404 328 3455 cf.
343 3403 392 3454 IV.
405 3404 452 3453 10.
469 3405 680 3465 inpraesenti
697 3407 804 3461 morte,
827 3408 859 3457 68
880 3407 1042 3471 (PerIcles);
1057 3407 1088 3459 B.
1108 3409 1141 3460 47
1152 3409 1167 3461 7
1180 3407 1359 3475 (Socrates).
1436 3425 1437 3432 ¹

294 3494 355 3543 eg„
379 3480 491 3542 Spurius
516 3481 631 3530 Maelius
654 3480 709 3543 (see
733 3482 754 3530 I.
779 3481 804 3529 3.
827 3496 914 3542 unus,
935 3499 964 3534 as
988 3487 1016 3534 In
1035 3486 1049 3546 ξ
1071 3485 1124 3534 131.
1144 3485 1183 3534 25.
1219 3487 1359 3537 unde:

294 3558 349 3617 25),
370 3558 406 3606 M.
421 3557 540 3606 Manlius
558 3556 738 3620 Capitolinus,
758 3558 805 3606 the
828 3561 923 3610 what?
957 3560 1166 3611 annutans.
1202 3561 1362 3622 intanta,

294 3636 348 3681 two
362 3631 484 3682 Gracchi.
828 3642 888 3696 eta,
904 3635 1072 3699 ‘advanoing
1084 3637 1111 3684 in
1126 3636 1194 3686 such
1207 3649 1224 3684 a
1236 3640 1316 3698 path
1330 3641 1363 3690 oi

327 3706 697 3768 §141.21-³6.Ieoerant:
721 3709 805 3758 forits
828 3712 921 3774 glory.'
962 3723 1066 3762 rerum
1083 3712 1186 3774 potiri,
1212 3717 1262 3762 'to
1296 3717 1364 3766 rule

294 3795 342 3833 use
370 3795 413 3833 see
440 3797 476 3834 on
505 3785 554 3846 Ep.
581 3785 692 3834 XXIII.
717 3784 742 3833 6.
763 3787 803 3836 59.
828 3789 875 3837 the
909 3789 1020 3838 worldt’
1058 3790 1101 3838 for
1135 3801 1196 3838 ease
1233 3789 1273 3841 cf.
1319 3793 1363 3844 ΙΙ.

294 3869 404 3910 non..
427 3895 433 3909 .
456 3871 676 3912 nec...neo:
698 3862 741 3912 lor
758 3862 804 3912 the
827 3863 908 3913 123.
1308 3901 1312 3905 -
