2924 4372
224 296 287 366 152
543 308 615 388 rao
638 307 668 361 n.
693 307 854 362 nunnus
877 304 1023 364 omno.

274 508 352 552 vera
375 487 461 552 male
483 483 618 551 dicendi
646 482 791 550 facultas
812 480 854 549 de
876 483 947 550 vita
963 485 1000 548 L.
1025 481 1187 552 Murenae
1210 482 1320 552 dicere

273 590 402 676 aliquid
417 590 574 678 coiigcrit.
622 588 764 654 Obiecta
780 597 832 654 est
852 590 942 654 enim
957 591 1059 667 Asia3
1083 612 1170 676 quae
1193 590 1320 656 abhoc
1369 612 1372 617 ·

273 717 340 760 non
365 695 408 762 ad
434 697 644 781 voluptatem
670 704 705 760 ct
736 695 906 759 luxuriam
943 696 1094 782 expetita
1118 704 1179 774 est,
1202 695 1262 762 sed
1285 697 1340 762 in.

223 815 252 862 10
274 800 410 866 militari
441 799 552 866 labore
586 806 771 887 peragrata.
834 798 903 878 Qui
933 800 962 865 si
992 799 1188 867 adulescens
1226 809 1321 886 patre

273 926 335 969 suo
359 906 556 990 imperatore
581 925 649 969 non
680 905 867 981 meruisset,
892 912 953 970 aut
973 905 1103 971 hostem
1126 914 1187 979 aut
1216 906 1321 991 patris

273 1011 451 1094 imperium
467 1008 619 1075 timuisse
636 1016 697 1073 aut
719 1029 739 1074 a
762 1016 900 1094 parente
924 1009 1120 1095 repudiatus
1138 1011 1319 1084 videretur.

274 1115 341 1191 An,
369 1135 444 1178 cum
476 1113 590 1179 sedere
615 1115 651 1178 in
681 1114 777 1197 equis
808 1113 1088 1200 triumphantium
1118 1115 1320 1200 praetextati

273 1219 482 1304 potissimum
507 1217 568 1282 filii
592 1217 733 1295 soleant,
759 1217 838 1282 huic
864 1217 960 1282 donis
989 1219 1189 1291 militaribus
1215 1219 1320 1303 patris

223 1337 252 1386 15
274 1315 481 1406 triumphuni
508 1320 663 1388 decorare
693 1319 896 1408 fugiendum
927 1320 1004 1398 fuit,
1037 1330 1077 1386 ut
1106 1321 1205 1387 rebus
1236 1343 1321 1387 com·

155 1426 157 1430 ’
274 1427 421 1491 muniter
445 1427 549 1513 gestis
575 1447 679 1512 paene
710 1426 811 1491 simul
841 1447 918 1491 cum
948 1433 1042 1512 patre
1073 1426 1320 1512 triumpharet?

223 1533 263 1596 12
278 1530 345 1596 Hic
370 1552 460 1607 vere,
487 1529 628 1608 iudices
654 1539 690 1596 et
715 1529 783 1594 fuit
809 1531 844 1594 in
871 1531 955 1596 Asia
978 1540 1014 1597 ct
1031 1532 1103 1596 viro
1126 1530 1320 1610 fortissima

273 1637 406 1720 parenti
430 1657 502 1713 suo,
525 1657 647 1722 magno
671 1633 866 1699 adiumento
890 1636 925 1699 in
950 1637 1118 1720 periculis,
1138 1637 1262 1709 solacio
1285 1638 1320 1700 in

274 1739 453 1817 laboribus,
477 1739 699 1827 gratulationi
729 1739 764 1803 in
789 1739 931 1804 victoria
960 1739 1038 1805 fuit.
1084 1739 1131 1804 Et
1160 1741 1189 1805 si
1220 1740 1322 1806 habet

221 1858 252 1905 no
273 1844 357 1909 Asia
371 1844 597 1929 suspicionem
616 1843 770 1908 luxuriae
796 1842 975 1928 quandam,
992 1865 1060 1909 non
1085 1844 1203 1910 Asiam
1227 1866 1321 1908 num-

274 1970 374 2033 quam
400 1947 536 2024 vidisse,
553 1946 614 2013 sed
634 1948 670 2010 in
693 1947 778 2012 Asia
800 1949 1013 2014 continenter
1038 1949 1162 2014 vixisse
1184 1949 1321 2013 laudan-

273 2052 354 2118 dum
369 2060 431 2118 est.
477 2051 589 2133 Quam
603 2050 647 2117 ob
662 2074 732 2118 rem
747 2073 816 2116 non
836 2052 938 2118 Asiae
959 2073 1084 2117 nomen
1108 2053 1320 2118 obiciendum

204 2192 207 2197 ·
273 2155 434 2223 Murenae
460 2156 537 2234 fuit,
563 2177 606 2222 ex
634 2177 702 2242 qua
726 2152 800 2220 laus
825 2154 982 2233 familiae,
1013 2158 1171 2223 memoria
1193 2159 1319 2244 generi,

273 2260 377 2326 honos
400 2269 435 2326 et
453 2262 560 2348 gloria
582 2261 708 2326 nomini
735 2261 920 2325 constituta
944 2268 1005 2339 est,
1021 2261 1082 2327 sed
1101 2261 1239 2346 aliquod
1261 2270 1322 2326 aut

120 2367 123 2373 ’
221 2382 251 2433 25
273 2367 308 2430 in
331 2366 416 2430 Asia
438 2373 632 2452 susceptum
659 2372 719 2429 aut
746 2385 788 2431 ex
814 2365 899 2429 Asia
923 2364 1136 2451 deportatum
1154 2365 1321 2453 flagitium

273 2625 360 2676 ictos:
377 2639 421 2674 see
430 2638 465 2674 on
477 2623 510 2686 1.‚
521 2623 548 2673 2.
560 2622 599 2675 17.
634 2620 687 2671 lex
697 2632 786 2671 accu-
807 2621 921 2672 isther's
933 2622 1063 2686 triumph.
1099 2623 1133 2673 In
1142 2623 1190 2674 the
1198 2624 1321 2688 triumph

273 2700 396 2757 sutoria,
410 2700 496 2750 ‘fixed
513 2700 599 2762 habit,
612 2698 719 2762 regular
729 2712 788 2748 cus·
808 2698 854 2748 the
870 2699 979 2762 general
996 2713 1067 2749 wore
1084 2713 1119 2749 an
1137 2700 1321 2752 embroidcred

273 2783 339 2839 tom,
362 2778 392 2828 oi
416 2775 567 2827 accusers:'
597 2788 642 2826 see
663 2789 700 2825 on
728 2789 787 2826 eom
807 2780 870 2838 toga
886 2775 917 2836 (t.
927 2775 1029 2837 picta),
1042 2775 1096 2824 and
1109 2791 1164 2826 was
1180 2777 1273 2828 drawn
1292 2778 1320 2827 in

274 2852 381 2916 (tecam)
398 2851 446 2910 55.
466 2856 489 2903 2.
807 2865 880 2902 acar
890 2852 925 2913 by
937 2852 999 2901 four
1014 2853 1114 2904 lrorses.
1150 2853 1246 2904 Beside
1263 2855 1321 2904 him

304 2929 386 2980 8-10.
403 2929 490 2987 Asia,
503 2927 595 2991 bricflv
607 2933 657 2992 put
674 2927 717 2979 for
729 2929 787 2978 vito
807 2935 849 2977 sat
867 2929 910 2978 his
925 2942 1045 2992 younger
1061 2928 1195 2993 clrildren;
1217 2926 1254 2980 on
1273 2932 1322 2982 the

273 3008 303 3056 in
329 3007 400 3057 Asia
429 3007 548 3067 turpiter
575 3008 649 3056 acta.
701 3017 787 3066 quae,
807 3005 898 3054 horses
911 3005 974 3055 rode
985 3003 1028 3053 his
1041 3020 1104 3056 sons
1114 3007 1175 3057 who
1184 3021 1253 3058 were
1264 3007 1322 3058 still

274 3084 441 3134 adversative
455 3106 480 3132 =
492 3096 525 3132 ec
553 3085 652 3132 autem.
701 3093 786 3142 pera·
804 3083 972 3142 praetextati
981 3081 1036 3144 (see
1043 3096 1078 3132 on
1086 3083 1134 3144 11.,
1145 3083 1170 3132 4.
1178 3081 1230 3146 24),
1240 3084 1322 3134 while

273 3163 367 3222 grata,
377 3161 404 3209 in
417 3159 532 3210 allusion
542 3163 570 3208 to
579 3158 717 3208 Murena’s
730 3172 787 3208 sev·
806 3159 883 3208 those
900 3159 961 3208 who
978 3158 1032 3208 bad
1051 3160 1174 3210 assumed
1193 3161 1238 3210 the
1256 3164 1322 3222 topa

274 3236 329 3286 aral
346 3237 510 3299 campaigns.
805 3236 893 3286 uirilis
915 3235 1040 3286 followed
1063 3250 1098 3285 on
1122 3238 1199 3286 other
1217 3228 1317 3302 horses.

305 3313 351 3362 11.
369 3312 540 3369 mansisset,
573 3311 709 3362 ‘served2’
740 3311 787 3361 the
806 3310 923 3361 donis
956 3311 1149 3372 militaribus,
1185 3313 1322 3376 ‘trophiss

274 3390 324 3440 iuli
335 3390 433 3452 phrase
446 3389 468 3439 is
484 3389 622 3450 stipendia
639 3404 673 3438 m.
707 3387 752 3449 (ci.
766 3387 784 3437 l.
807 3391 867 3438 wori
895 3389 923 3438 in
953 3389 1028 3450 war‚’
1059 3390 1126 3438 such
1153 3404 1183 3439 as
1216 3390 1320 3454 collars,

274 3463 377 3529 26);ior
393 3478 410 3514 a
426 3465 528 3515 similar
544 3465 672 3515 omission
691 3464 720 3514 oi
741 3465 788 3514 the
807 3479 918 3526 crocus,
940 3465 1078 3528 bracelets
1100 3471 1161 3528 etc,
1182 3467 1263 3530 given
1286 3468 1338 3530 by·
1370 3473 1398 3508 ’κ

274 3542 363 3604 object
375 3542 431 3590 ina
448 3541 615 3604 stereotyped
632 3542 737 3605 phrase,
751 3541 786 3590 ci.
808 3543 854 3590 tire
876 3542 1048 3592 commender
1075 3542 1119 3592 ior
1144 3531 1331 3606 conspicuous

274 3619 444 3678 solventibus,
457 3621 470 3679 t
481 3618 505 3667 4.
518 3617 559 3667 24.
809 3609 926 3680 bravery.

305 3694 352 3751 1³,
366 3694 411 3743 14.
430 3694 499 3744 Cato
511 3707 601 3744 ‘seems
618 3700 648 3745 to
663 3695 734 3746 have
750 3707 789 3744 re·
840 3696 852 3755 5
870 3695 907 3742 12.
926 3693 972 3743 19.
989 3693 1117 3753 habet,
1164 3694 1319 3758 ‘involves’

274 3770 409 3834 proached
428 3769 542 3819 Murena
559 3771 624 3834 with
641 3775 689 3821 too
708 3771 789 3820 rnuch
811 3769 971 3832 ‘avehens'
1000 3771 1154 3836 ‘suggesta’
1179 3771 1323 3838 according

273 3846 374 3914 parade
401 3860 438 3897 on
464 3846 512 3897 the
539 3847 663 3897 occasion
691 3845 720 3896 oi
747 3846 789 3896 his
808 3847 1026 3898 tothecontext.
