2870 4376
433 356 513 414 car.
538 357 626 425 eo-sr,
651 357 665 426 l
687 357 775 415 caca
944 410 948 418 ,
1115 341 1179 414 487

76 533 262 623 gemebant
284 534 372 610 boni,
389 533 567 618 sperabant
590 532 731 619 inprobi,
748 533 870 621 agebat
891 529 1048 598 tribunus
1071 533 1128 618 pl,
1151 553 1180 598 en

77 639 236 705 consules
253 637 469 703 adiuvabant.

124 760 234 808 xxxi.
267 743 334 808 Hic
359 741 552 826 aliquando,
569 743 686 820 serius,
713 763 816 828 quam
840 744 910 829 ipse
935 743 1048 819 vellet,
1066 742 1128 806 Cn.
1142 745 1181 810 67

77 849 263 933 Pompeius
279 847 488 911 invitissimis
505 846 557 923 iis,
574 848 633 931 qui
655 854 801 912 mentem
817 848 935 933 optimi
959 868 996 911 ac
1020 845 1129 911 fortis·

77 953 157 1017 simi
174 952 236 1017 viri
252 951 322 1016 suis
339 951 486 1015 consiliis
503 950 657 1035 fictisque
683 950 866 1016 terroribus
889 973 909 1014 a
930 948 1126 1015 defensione

77 1077 175 1121 meae
191 1055 309 1122 salutis
326 1061 528 1129 averterant,
545 1055 710 1120 excitavit
725 1055 818 1120 illam
837 1075 932 1120 suam
955 1075 1022 1119 non
1045 1056 1129 1140 sopi-

79 1168 160 1236 tam,
187 1158 247 1224 sed
271 1159 461 1244 suspicione
487 1158 600 1243 aliqua
626 1159 828 1224 retardatam
854 1157 1132 1224 consuetudinem
1168 1177 1184 1223 t

80 1265 129 1329 rei
146 1263 301 1349 publicae
317 1263 401 1328 bene
418 1261 593 1349 gerendae.
640 1261 716 1326 Non
730 1271 781 1328 est
792 1285 910 1348 passus
923 1263 981 1327 ille
998 1263 1059 1339 vir,
1071 1263 1130 1347 qui

79 1369 353 1434 sceleratissimos
370 1369 462 1444 civia,
480 1369 538 1452 qui
555 1369 732 1432 acerrimos
753 1368 869 1445 hostia,
887 1369 946 1452 qui
970 1368 1130 1433 maximas

80 1473 245 1550 nationes,
269 1473 329 1558 qui
354 1495 459 1559 reges,
488 1473 547 1556 qui
572 1474 683 1558 gentis
711 1472 799 1538 ieras
825 1479 927 1556 atque
952 1471 1130 1549 inauditas,
1233 1545 1237 1552 ¹

80 1578 141 1662 qui
168 1576 373 1662 praedonum
405 1577 571 1639 infinitam
598 1597 745 1652 manum,
772 1577 831 1661 qui
862 1576 964 1641 etiam
994 1577 1133 1641 servitia

81 1682 210 1746 virtute
227 1681 434 1764 victoriaque
454 1678 648 1756 domuisset,
667 1682 725 1765 qui
745 1679 899 1746 omnibus
923 1679 1022 1745 bellis
1045 1687 1134 1746 terra
1157 1700 1186 1746 10

81 1785 234 1869 marique
272 1785 470 1869 compressis
507 1785 686 1868 imperium
721 1784 837 1868 populi
870 1785 1013 1848 Romani
1044 1784 1132 1850 orbis

83 1897 248 1953 terrarum
258 1889 409 1952 terminis
422 1888 603 1965 definisset,
615 1909 684 1952 rem
696 1887 867 1972 publicam
884 1889 991 1954 everti
1007 1889 1132 1955 scelere

82 2013 275 2077 paucorum,
303 2013 405 2078 quam
430 1994 500 2077 ipse
529 2013 595 2056 non
623 1993 732 2056 solum
758 1993 920 2069 consiliis,
945 1991 1005 2058 sed
1030 1994 1133 2058 etiam

82 2099 247 2184 sangnine
260 2117 322 2162 suo
337 2117 435 2181 saepe
452 2105 634 2172 servasset3
658 2098 801 2162 accessit
817 2096 859 2160 ad
876 2117 1010 2161 causam
1026 2097 1135 2182 publi-

82 2223 165 2277 cam,
182 2202 308 2265 restitit
323 2201 522 2265 auctoritate
539 2222 600 2264 sua
621 2201 762 2285 reliquis
790 2200 899 2277 rebus,
917 2209 1058 2285 questus
1083 2208 1136 2266 est
1158 2222 1187 2268 rc

82 2305 125 2370 de
150 2305 349 2390 praeteritis.
396 2303 484 2368 Fieri
511 2302 675 2388 quaedam
700 2303 744 2368 ad
768 2304 940 2370 meliorem
965 2326 1060 2390 spem
1086 2306 1133 2368 in·

84 2405 221 2469 clinatio
246 2405 319 2469 visa
345 2412 406 2468 est.
454 2403 614 2468 Decrevit
640 2411 777 2469 senatus
804 2404 966 2490 frequens
992 2403 1033 2470 de
1061 2405 1187 2474 meoet

117 2593 181 2655 567.
202 2592 263 2642 1-9.
281 2593 385 2649 vellet,
405 2592 510 2642 ‘would
528 2593 597 2643 have
623 2607 668 2643 aro
707 2599 756 2643 not
796 2594 927 2658 arranged
967 2593 1136 2659 chronologi·

84 2670 185 2721 llkedt’
204 2684 240 2720 sc.
254 2671 278 2720 si
291 2669 394 2730 liceret,
404 2668 458 2719 and
469 2669 514 2718 lor
525 2683 597 2731 pres·
623 2669 699 2732 cally.

84 2750 132 2796 ent
148 2747 215 2796 time
234 2746 268 2796 ci.
288 2745 353 2796 Sull.
367 2744 413 2794 46.
433 2745 475 2806 18;
491 2744 537 2793 2³.
555 2745 595 2795 33.
654 2746 755 2795 11-15.
774 2745 861 2796 orbis
883 2781 936 2796 ...
960 2747 1136 2798 definisset:

85 2823 138 2873 For
146 2824 193 2872 the
201 2822 256 2872 real
264 2836 359 2872 reason
368 2822 466 2871 forthe
475 2821 596 2884 changed
623 2826 704 2884 quote
732 2821 836 2872 similar
866 2822 1037 2885 expressions
1065 2824 1136 2874 from

85 2899 200 2949 attitude
223 2899 253 2948 ol
274 2899 420 2960 Pompeius
443 2911 487 2948 see
509 2912 535 2960 p.
553 2899 595 2960 45,
624 2898 674 2948 IV.
687 2897 733 2946 21.
748 2899 781 2948 22
797 2899 851 2948 and
869 2899 921 2949 ΙΙΙ.
936 2898 1033 2950 26.15.
1068 2911 1137 2948 aen-

86 2975 234 3038 §82adtin
269 2974 547 3024 flcmterroribua:
559 2975 594 3024 cf.
623 2974 713 3036 suine
729 3010 734 3022 .
752 3011 758 3023 .
775 3011 781 3023 .
796 2979 971 3026 sarvaaaet:
988 2977 1078 3026 notice
1091 2977 1138 3026 the

87 3052 154 3114 541.
179 3053 209 3100 21
232 3051 252 3100 f.
288 3050 376 3108 elvia,
395 3051 441 3100 the
463 3050 597 3101 followers
622 3051 795 3100 aliheration.
842 3051 892 3102 We
920 3053 1001 3102 know
1029 3054 1059 3102 of
1088 3053 1137 3102 but

87 3127 116 3178 ol
132 3127 243 3189 Marius,
256 3125 398 3189 especially
410 3125 442 3186 Q.
461 3126 597 3176 Sestorius
623 3141 675 3177 one
690 3128 814 3176 occasion
828 3129 907 3178 when
924 3129 1070 3192 Pompeius
1082 3143 1137 3179 was

87 3207 116 3256 ln
131 3205 222 3267 Spain.
256 3202 358 3253 hostia
375 3238 381 3250 .
399 3238 404 3250 .
421 3238 427 3251 .
444 3204 553 3265 gentis,
568 3204 597 3252 in
624 3204 754 3254 wcunded
764 3204 803 3265 (in
814 3203 845 3257 15
857 3210 885 3255 at
894 3205 982 3256 'Puero
993 3207 1021 3254 in
1030 3204 1135 3268 Spain),

83 3281 131 3338 ,his
157 3280 313 3342 campaigns
346 3278 452 3341 against
485 3279 599 3328 Mithra·
623 3281 676 3330 and
688 3293 769 3341 saepe
781 3287 854 3330 must
865 3281 897 3330 be
910 3283 993 3331 taken
1003 3281 1137 3332 therefore

88 3357 161 3406 dates
189 3357 242 3405 and
274 3355 413 3417 Tigranes.
453 3355 597 3404 servitia:
624 3371 652 3406 as
676 3357 703 3405 in
727 3357 776 3406 IV.
803 3357 829 3405 7.
852 3359 890 3407 10.
932 3358 1070 3407 aooaaalt
1089 3358 1136 3415 ad,

89 3435 123 3483 cl.
154 3433 204 3483 IV.
241 3431 267 3480 4.
296 3432 335 3481 31.
382 3431 442 3481 The
472 3436 599 3480 remnant
626 3433 752 3495 ‘J'oined'
788 3433 917 3495 reliquia
939 3434 1137 3491 rebua,tl10se

88 3510 117 3558 cl
147 3510 194 3558 the
221 3508 355 3558 followers
383 3508 412 3556 oi
442 3508 597 3570 Spartacus,
625 3509 781 3558 mentioned
805 3509 833 3556 ln
852 3509 865 3569 5
883 3508 922 3558 66.
958 3509 1011 3557 For
1027 3509 1074 3558 the
1091 3521 1138 3558 use

89 3585 210 3642 defeated
228 3585 262 3648 by
280 3584 393 3634 Crassus
413 3585 440 3632 ln
460 3584 500 3645 u,
518 3583 599 3633 while
624 3585 653 3632 ol
669 3585 792 3645 reliquis,
807 3585 895 3632 where
908 3585 954 3633 the
971 3585 1052 3647 thing
1067 3599 1138 3634 com·
1162 3584 1164 3590 '

89 3662 199 3723 making
217 3661 290 3710 their
306 3673 363 3722 way
382 3661 441 3708 into
461 3658 532 3708 Gaul
552 3658 598 3707 fell
624 3660 705 3722 pared
728 3661 752 3709 is
780 3665 830 3710 not
860 3665 904 3723 yet
932 3661 1020 3710 stated
1040 3659 1138 3722 (prce-

90 3739 118 3788 ln
135 3738 209 3788 with
217 3737 363 3798 Pompeius
380 3736 446 3784 then
459 3735 599 3797 reluming
625 3735 735 3799 teritis),
749 3749 793 3786 see
805 3749 841 3786 on
854 3738 961 3799 ceteris,
971 3736 1037 3786 Sull.
1051 3736 1077 3785 6.
1089 3737 1128 3787 34.

90 3814 262 3875 fromspain
298 3813 341 3861 He
350 3811 449 3872 utterly
459 3810 598 3874 destroyed
655 3813 785 3872 56817.
809 3813 966 3871 Decrevit,
991 3818 1056 3862 eta:
1075 3812 1137 3867 read

90 3891 172 3940 them.
206 3889 304 3940 Notice
321 3888 382 3937 that
398 3887 446 3936 the
464 3887 599 3936 incidents
624 3901 650 3949 p
658 3887 699 3950 45
712 3887 773 3945 582.
