2936 4376
495 319 575 376 cir.
600 323 688 388 ron,
712 321 727 388 ι
749 319 837 377 sacr.
1152 301 1217 374 329

119 501 291 588 impulsos,
324 512 364 568 ut
393 503 437 567 ad
470 504 569 568 istam
600 506 863 570 coniurationem
895 513 999 590 utque
1029 503 1072 568 ad
1103 504 1164 568 hoc

119 607 286 671 nefarium
310 607 440 672 facinus
466 609 672 684 accederent,
697 610 731 673 id
757 612 853 675 cuius
883 609 972 674 modi
999 610 1053 684 sit,
1071 610 1167 674 intel·

118 712 229 798 legere
261 733 326 776 non
358 734 505 798 possum.
564 715 620 777 An
652 714 713 779 tibi
745 715 940 800 Pompeiani
973 715 1164 779 coniurasse

121 815 303 881 videntur?
350 817 436 896 Quis
467 817 530 883 hoc
562 817 651 884 dixit
681 841 852 904 umquam,
884 827 944 883 aut
974 839 1059 904 quae
1098 816 1167 882 fuit
1202 830 1217 874 ⁵

118 922 216 986 istius
246 923 293 986 rei
324 923 377 987 vel
409 923 546 986 minima
568 924 749 1008 suspicio?
811 922 1011 1000 ‘Diiunxit’
1042 923 1164 1008 inquit,

120 1035 193 1090 ‘eos
224 1047 244 1089 a
274 1027 410 1102 colonis,
441 1034 480 1090 ut
510 1027 572 1090 hoc
603 1025 744 1091 discidio
770 1049 808 1092 ac
839 1025 1045 1092 dissensione
1077 1025 1166 1090 iacta

119 1130 280 1214 oppidum
317 1131 352 1194 in
391 1153 453 1195 sua
489 1139 656 1217 potestate
695 1140 810 1217 posset
847 1153 906 1217 per
944 1131 1165 1217 Pompeianos

118 1234 259 1300 habere’
307 1235 460 1300 Primum
476 1237 584 1302 omnis
600 1236 881 1322 Pompeianorum
902 1238 1164 1322 colonorumque

118 1339 282 1404 dissensio
298 1339 411 1405 delata
434 1341 476 1404 ad
492 1349 649 1426 patronos
672 1351 733 1418 est,
750 1363 826 1407 cum
851 1343 916 1405 iarn
945 1341 1167 1406 inveterasset
1189 1353 1217 1399 1⁰

118 1464 155 1507 ec
172 1445 296 1508 multos
322 1466 426 1509 annos
455 1453 544 1510 esset
570 1447 716 1532 agitata3
740 1445 861 1510 deinde
892 1447 940 1510 ita
969 1467 989 1509 a
1015 1447 1165 1530 patronis

119 1569 170 1612 res
187 1549 322 1634 cognita
344 1557 406 1626 est,
424 1557 463 1613 ut
488 1550 583 1613 nulla
610 1551 646 1612 in
670 1573 704 1615 re
731 1573 750 1615 a
775 1558 961 1616 ceterorum
987 1550 1164 1615 sententiis

119 1651 214 1716 Sulla
230 1652 442 1730 dissenserit3
467 1662 635 1740 postremo
652 1656 760 1719 coloni
787 1657 849 1741 ipsi
876 1655 923 1720 sic
949 1653 1163 1742 intellegunt,

118 1779 185 1821 non
217 1757 439 1843 Pompeianos
470 1781 489 1823 a
521 1759 617 1824 Sulla
646 1763 751 1847 magis
783 1783 883 1846 quam
914 1781 987 1826 sese
1009 1781 1080 1826 esse
1111 1759 1167 1826 de·

118 1857 240 1924 tensos.
286 1860 402 1945 Atque
428 1861 502 1938 hoc,
527 1859 666 1938 iudices,
691 1883 734 1926 ex
765 1861 826 1926 hac
857 1861 1050 1947 frequentia
1079 1860 1164 1926 colo
1178 1866 1216 1928 61

118 1984 246 2040 norum,
260 1964 570 2030 honestissimorum
583 1960 778 2044 hominum,
795 1965 990 2054 intellegere
1014 1967 1164 2051 potestis,
1188 1977 1217 2024 16

118 2070 177 2153 qui
215 2068 349 2145 adsunt,
388 2068 550 2147 laborant,
589 2070 678 2137 huuc
717 2080 906 2157 patronum,
945 2069 1164 2147 defensorem,

117 2172 292 2238 custodem
322 2174 415 2238 illius
448 2175 597 2240 coloniae
629 2177 657 2239 si
688 2177 723 2239 in
762 2177 852 2240 omni
891 2174 1028 2240 fortuna
1062 2183 1163 2260 atque

117 2279 207 2341 omni
230 2278 354 2343 honore
382 2278 583 2343 incolumem
600 2277 719 2345 habere
745 2302 811 2344 non
836 2287 1030 2365 potuerunt,
1047 2281 1081 2343 iu
1105 2279 1166 2345 hoc

116 2392 228 2450 tamen
259 2404 349 2459 casu,
375 2403 443 2467 quo
474 2381 617 2448 afflictus
651 2385 746 2460 iacet,
771 2406 831 2470 per
861 2405 920 2448 vos
951 2385 1059 2450 iuvari
1090 2406 1165 2449 con·
1186 2401 1217 2447 au

116 2490 309 2575 servarique
341 2487 494 2574 cupiunt.
541 2487 680 2553 Adsunt
711 2490 782 2574 pari
807 2487 921 2553 studio
955 2488 1163 2574 Pompeiani,

116 2596 174 2680 qui
205 2594 247 2660 ab
277 2595 350 2661 istis
381 2597 483 2662 etiarn
514 2595 549 2659 in
580 2595 703 2660 crimen
734 2605 914 2672 vocantur3
953 2597 1013 2681 qui
1045 2597 1092 2660 ita
1122 2596 1162 2662 de

146 2733 228 2782 2-13.
246 2733 287 2782 ad
304 2770 310 2782 .
327 2769 333 2782 .
350 2770 356 2782 .
373 2733 626 2790 accederent,
649 2747 737 2792 mem,
752 2735 975 2796 ‘unbleurished,'
988 2736 1016 2784 in
1030 2737 1063 2784 its
1077 2736 1165 2798 politi·

117 2811 195 2860 ‘take
215 2815 276 2872 pert
299 2810 347 2860 in.'
381 2811 416 2860 id
438 2809 627 2861 cuiusmodi
649 2809 689 2858 cal
702 2825 778 2860 sense
790 2811 921 2874 denoting
933 2812 994 2860 that
1006 2811 1053 2860 the
1066 2825 1164 2873 person

114 2889 163 2944 eit
182 2887 273 2937 ‘what
289 2887 345 2938 this
367 2887 489 2940 means?
508 2889 552 2938 for
567 2901 627 2938 case
650 2893 677 2936 to
690 2887 778 2936 whom
791 2888 812 2936 it
829 2889 851 2937 ls
869 2887 976 2952 applied
997 2887 1019 2936 is
1036 2888 1165 2950 enjoying

115 2964 144 3013 oi
160 2965 232 3014 modi
250 2964 284 3014 cf.
300 2964 354 3013 111.
374 2964 420 3015 2⁵.
434 2966 473 3015 23.
509 2965 626 3027 Explain
650 2963 684 3011 all
697 2965 744 3012 the
757 2965 842 3026 rights
855 2965 908 3012 and
922 2963 1063 3027 privileges
1076 2963 1105 3012 of
1120 2963 1163 3013 his

115 3040 193 3089 mood
211 3040 240 3088 oi
256 3040 301 3088 sit.
336 3039 396 3098 An,
410 3039 456 3090 ‘or
467 3041 490 3090 is
507 3041 528 3090 ιι
546 3039 625 3088 ιιιιιι.’
650 3040 726 3088 rank.
762 3041 872 3089 Evenit
889 3040 963 3090 Sulla
976 3041 997 3088 is
1015 3047 1063 3089 not
1079 3039 1163 3102 guilty

114 3115 229 3177 inquit:
249 3129 293 3166 see
310 3116 412 3175 oni48.
424 3117 447 3167 5.
477 3116 627 3165 Primum:
650 3119 679 3165 of
695 3118 861 3180 conspiracy,
876 3118 971 3167 helias
986 3117 1038 3166 lost
1056 3117 1088 3178 hy
1101 3130 1163 3165 con-

115 3193 190 3242 there
208 3193 230 3242 is
247 3206 264 3241 ιι
280 3191 363 3257 slight
380 3193 481 3256 ellipse,
500 3208 559 3257 eg,
579 3193 627 3243 hoc
651 3195 751 3242 victiou
764 3194 922 3256 forbrihery
935 3196 982 3243 the
995 3192 1161 3256 consulship,

114 3270 271 3330 respondeo.
318 3269 533 3327 inveterasset,
559 3269 627 3318 ‘had
650 3271 696 3319 the
709 3271 782 3333 right
799 3275 827 3319 to
844 3270 907 3319 hold
927 3269 1011 3329 office,
1026 3271 1073 3318 the
1091 3270 1162 3332 right

115 3346 224 3395 become
236 3360 270 3394 an
283 3345 327 3396 old
346 3346 438 3409 story.'
474 3346 520 3394 sic
537 3345 627 3394 intel·
650 3353 678 3398 to
697 3362 797 3410 appear
817 3347 845 3397 in
865 3349 912 3398 the
932 3355 1033 3408 senate,
1059 3348 1105 3397 the
1123 3349 1163 3397 in-

114 3420 228 3482 legunt.
252 3420 311 3470 ‘are
335 3421 483 3471 convinced
506 3421 535 3470 of
563 3421 625 3482 this,
649 3425 736 3488 signia
758 3425 788 3474 of
815 3439 831 3473 a
854 3431 963 3474 senator
987 3424 1045 3485 (the
1068 3423 1162 3487 purple

114 3497 201 3546 that:’
220 3497 263 3546 ior
275 3499 314 3548 sic
327 3512 371 3547 see
382 3512 418 3546 on
431 3497 484 3546 III.
498 3496 543 3545 21.
555 3498 578 3545 5.
650 3501 745 3549 horder
761 3513 796 3548 on
815 3499 861 3548 the
878 3504 940 3562 toga
957 3500 1010 3548 and
1025 3499 1071 3547 the
1083 3513 1163 3561 pecu·

147 3574 209 3635 561.
225 3573 327 3622 17-19,
345 3573 626 3632 adsuntlaborant,
649 3575 699 3624 liar
711 3573 797 3636 shoe),
811 3576 864 3624 and
878 3577 923 3625 the
937 3577 1150 3636 testinnonium.

114 3649 246 3710 cupiunt
266 3648 294 3711 (l.
314 3648 370 3713 21)·
388 3650 495 3712 ci‚§4.
517 3651 554 3710 15,
573 3650 626 3699 and
681 3651 780 3700 20-22.
801 3651 976 3699 iuvari..
994 3650 1161 3711 ,ιιιιριιιιιιΙ

114 3739 158 3774 see
185 3727 250 3776 Eric.
281 3725 319 3775 11
345 3727 358 3788 ξ
382 3727 431 3788 14;
464 3727 553 3775 notice
580 3727 627 3775 the
650 3726 755 3790 regular
771 3739 801 3773 or
817 3727 885 3787 lrreg
887 3723 1162 3775 ularcoustructioui

114 3803 271 3864 asyndeton.
296 3807 469 3864 patronum.
481 3808 531 3852 etc.
536 3803 624 3865 ‚subj
650 3804 699 3853 See
718 3817 754 3851 cn
772 3802 786 3863 5
803 3803 841 3852 58.
859 3803 899 3852 40,
933 3802 1023 3850 lta.
1040 3805 1106 3860 ,ιιι
1123 3813 1162 3850 re·

113 3877 144 3927 of
165 3879 212 3928 the
234 3879 310 3929 infin.
334 3879 403 3930 inl.
424 3881 464 3930 20.
509 3878 627 3927 incolu·
650 3877 777 3927 strictive.
