2954 4374
234 290 296 358 200
573 305 645 356 rao
669 305 699 356 n.
724 285 883 357 uorans
908 305 1056 356 onn‘no.

179 557 181 561 ι
251 469 253 474 ’
284 478 425 543 Possum
441 477 482 543 de
500 477 538 540 L.
555 477 664 554 Philo,
681 477 722 542 de
748 478 785 542 Ο.
804 477 889 543 Galo
905 478 1014 544 dicere
1031 467 1112 554 haec
1128 462 1254 556 eadem,
1271 479 1329 544 sed

187 626 189 628 -
259 591 317 648 ,te
341 582 476 658 domum
508 583 574 647 iam
598 581 760 646 deducam
785 591 889 647 tuam.
936 582 1191 668 Quemquamne
1219 585 1331 650 existi-

232 703 261 748 35
283 708 352 752 mas
377 685 515 763 Catone,
539 707 662 772 proavo
686 695 745 751 tuo
768 687 1035 764 commodiorem,
1059 688 1330 763 communiorem,

283 793 538 858 moderatiorem
554 792 658 858 fuisse
682 793 724 858 ad
747 815 878 859 omnem
901 795 1065 859 rationem
1087 793 1331 868 humanitatis?

283 899 335 964 De
359 899 456 963 cuius
480 899 663 982 praestanti
689 899 814 963 virtute
840 920 917 964 cum
943 921 1020 964 vere
1044 900 1260 986 graviterque
1285 897 1332 962 di-

283 1023 384 1078 ceres,
401 1001 622 1068 domesticum
638 1009 671 1066 te
695 1000 816 1067 habere
840 1002 957 1067 dixisti
981 1002 1173 1087 exemplum
1196 1001 1239 1066 ad
1262 1003 1332 1066 imi-

284 1106 432 1171 tandum.
480 1107 543 1170 Est
558 1105 644 1170 illud
660 1105 798 1191 quidem
820 1108 1013 1192 exemplum
1037 1107 1099 1170 tibi
1121 1106 1330 1191 propositum

231 1225 262 1272 40
283 1209 382 1288 domi,
399 1210 458 1276 sed
480 1217 593 1274 tamen
609 1218 748 1274 naturae
764 1211 951 1275 similitudo
974 1212 1066 1275 illius
1090 1210 1132 1274 ad
1156 1220 1189 1275 te
1214 1211 1329 1296 magis

283 1315 343 1398 qui
372 1314 414 1378 ab
443 1315 503 1378 illo
528 1322 621 1378 ortus
653 1337 698 1391 es,
723 1337 824 1399 quam
855 1315 897 1379 ad
929 1337 1033 1378 unum
1059 1336 1227 1399 quemque
1258 1336 1333 1378 nos-

269 1426 373 1482 -trum
404 1421 578 1504 pervenire
603 1421 726 1504 potuit,
750 1419 792 1486 ad
822 1419 1024 1484 imitandum
1050 1441 1129 1485 vero
1156 1426 1224 1484 tam
1250 1419 1331 1483 mihi

282 1525 491 1609 propositum
505 1524 675 1609 exemplar
698 1524 785 1587 illud
801 1533 853 1588 est
875 1546 978 1609 quam
994 1524 1065 1588 tibi.
1111 1523 1178 1589 Sed
1191 1524 1220 1589 si
1239 1524 1331 1590 illius

283 1628 472 1693 comitatem
506 1636 541 1693 et
563 1627 761 1694 facilitatem
792 1637 870 1693 tuae
902 1630 1060 1716 gravitati
1090 1629 1331 1713 severitatique

231 1746 261 1794 to
282 1734 469 1817 asperseris,
496 1754 564 1797 non
586 1734 651 1798 ista
675 1732 811 1818 quidem
835 1741 934 1797 erunt
959 1733 1103 1810 meliora,
1130 1754 1215 1818 quae
1240 1754 1332 1798 nunc

282 1845 365 1903 sunt
379 1838 514 1922 optima,
531 1837 591 1902 sed
606 1845 696 1903 certe
713 1837 847 1902 condita
864 1837 1055 1903 iucundius.
1265 1842 1268 1846 ’

232 1941 270 2008 67
326 1931 447 2005 xxxii.
480 1941 603 2021 Quare,
621 1949 661 2008 ut
675 1941 718 2006 ad
738 1943 783 2018 id,
801 1942 892 2028 quod
911 1943 1055 2019 institui,
1075 1949 1231 2024 revertar,
1250 1943 1331 2008 tolle

283 2045 365 2108 mihi
381 2067 399 2110 e
415 2067 515 2110 causa
531 2067 652 2110 nomen
669 2045 817 2122 Catonis
835 2069 967 2112 remove
984 2048 1227 2123 auctoritatem,
1245 2068 1332 2132 quae

283 2150 319 2212 in
334 2149 467 2215 iudiciis
482 2159 542 2216 aut
557 2151 641 2215 nihil
658 2151 769 2216 valere
790 2151 906 2215 autad
923 2152 1069 2230 salutem
1088 2151 1188 2216 debet
1210 2152 1332 2228 valere,

283 2253 486 2339 congredere
497 2277 627 2319 mecum
639 2255 832 2320 criminibus
845 2257 936 2341 ipsis.
976 2256 1068 2335 Quid
1078 2277 1222 2331 accusas,
1236 2254 1332 2332 Oete,

246 2356 367 2441 aquid
376 2357 487 2422 adfers
498 2359 720 2434 adiudicium,
729 2359 955 2446 quidarguis?
992 2359 1332 2436 Ambitumaccusas3

283 2481 351 2525 non
381 2461 534 2528 defende.
582 2463 638 2526 Me
669 2462 893 2546 reprehendis,
917 2464 1009 2549 quod
1033 2464 1121 2529 idem
1144 2463 1332 2542 delendam,

284 2566 376 2651 quod
385 2567 459 2654 lege
471 2568 647 2653 punierim.
687 2566 812 2632 Punivi
823 2568 996 2646 ambitum,
1010 2591 1077 2634 non
1087 2570 1311 2634 innocentiam
1324 2593 1332 2646 ;

315 2774 360 2824 33.
377 2776 408 2824 L
439 2776 544 2839 (Furio)
578 2774 676 2834 Philo,
705 2777 798 2826 consul
819 2783 921 2827 remote
938 2783 1075 2828 ancestors
1092 2793 1109 2827 a
1124 2778 1291 2840 preposition
1309 2779 1332 2828 is

284 2852 338 2914 136,
352 2868 404 2902 one
424 2855 453 2903 oi
472 2855 518 2903 the
538 2858 609 2903 most
630 2853 728 2902 relined
745 2854 798 2902 and
819 2854 892 2902 used.

283 2929 480 2991 accomplished
505 2943 567 2978 men
591 2929 620 2978 of
647 2930 694 2978 the
723 2930 796 2978 time.
850 2927 954 2986 tate.
972 2927 1332 2990 asperseriscondita,

285 3004 316 3052 C.
330 3004 471 3067 (Sulpicio)
485 3004 571 3061 Galo,
584 3005 678 3054 consul
696 3005 725 3053 in
743 3006 796 3066 166,
818 3005 1037 3066 metaphorircm
1046 3005 1130 3054 useoi
1139 3005 1210 3067 spice
1220 3006 1247 3054 in
1256 3005 1332 3055 cock-

284 3081 373 3130 iamed
384 3082 426 3130 ior
436 3082 478 3130 his
488 3081 646 3144 knowledge
655 3081 685 3129 oi
696 3085 799 3130 astron·
819 3079 872 3142 ing.
909 3079 978 3129 Give
987 3081 1090 3141 princp.
1101 3087 1174 3141 parts
1182 3080 1211 3128 oi
1220 3079 1333 3130 condita

285 3169 355 3218 omy,
369 3158 421 3206 and
434 3158 481 3206 the
499 3157 556 3206 first
573 3157 678 3207 Roman
696 3160 725 3207 to
742 3171 799 3220 pre·
818 3156 892 3218 here,
906 3157 959 3205 and
972 3157 1001 3205 oi
1014 3157 1149 3217 conditus,
1163 3157 1177 3217 6
1189 3157 1228 3206 49.
1244 3157 1281 3206 18.
1310 3162 1312 3166 ‘

285 3232 340 3282 dict
352 3247 387 3282 an
399 3233 505 3295 eclipse

317 3307 363 3365 40.
375 3307 422 3359 41.
441 3308 498 3357 sed
518 3311 630 3366 tamen,
648 3313 710 3368 ete,
735 3306 799 3356 ‘but
851 3309 916 3370 66Ἰ.
935 3308 961 3366 1,
974 3309 999 3358 2.
1017 3309 1216 3358 revertamus.
1231 3309 1330 3369 dicam,

284 3385 529 3447 notwithstanding
546 3386 608 3434 that
631 3383 748 3433 likeness
771 3389 799 3432 to
819 3387 833 3447 6
850 3387 889 3436 32.
909 3385 937 3448 Ἲς
954 3399 1044 3448 aqam,
1061 3385 1125 3446 610.
1144 3384 1184 3435 37.
1218 3396 1332 3433 nomen

285 3462 384 3511 himin
402 3467 600 3524 temperament
618 3475 708 3510 comes
725 3474 799 3509 more
819 3461 947 3511 Catonis
963 3485 988 3510 =
1003 3476 1097 3512 nomen
1114 3461 1264 3511 aaronem:
1289 3475 1333 3510 see

286 3537 391 3600 (easily)
420 3544 449 3587 to
471 3551 533 3600 you,
558 3538 600 3586 his
623 3537 797 3596 descendant,
819 3553 854 3587 on
867 3541 1060 3599 continentiae,
1075 3539 1089 3599 6
1102 3539 1141 3586 23.
1157 3541 1194 3586 12.

284 3615 352 3663 than
364 3621 393 3664 to
404 3629 456 3676 any
465 3613 495 3663 oi
506 3628 545 3672 us,
557 3613 611 3662 still
623 3614 682 3662 tirat
691 3620 797 3676 patrem
850 3613 875 3661 4.
893 3613 1084 3674 congredere
1117 3624 1241 3662 mecum
1276 3611 1334 3661 cri·

285 3691 334 3739 has
351 3691 419 3739 been
436 3696 477 3740 set
494 3704 532 3751 up
549 3691 592 3738 ior
605 3703 649 3750 my
662 3691 799 3739 imitation
818 3689 961 3748 minibus,
980 3690 1122 3739 ‘confront
1139 3703 1183 3738 me
1199 3689 1264 3737 with
1286 3689 1333 3737 the

285 3781 314 3816 as
337 3767 395 3816 well
418 3781 448 3816 as
468 3766 565 3828 yours.’
601 3765 692 3822 illius,
716 3780 796 3814 masc.
819 3779 891 3814 mere
903 3765 1042 3828 charges3'
1056 3766 1099 3814 ior
1115 3779 1218 3815 nrecnrn
1241 3777 1332 3814 seeon

284 3843 363 3909 gend.
410 3843 450 3892 ab
472 3841 541 3892 illo:
565 3843 632 3894 with
654 3855 748 3892 names
770 3842 799 3890 ci
819 3841 857 3890 11.
870 3839 916 3890 18.
928 3843 968 3891 26.
