2954 4374
531 295 611 354 cir.
635 297 691 366 cr,
715 294 727 360 t
752 295 837 354 nn.
1191 277 1254 352 eet

157 491 361 559 quamquam
377 472 555 559 patefactis
575 474 716 550 indiciis,
733 471 1000 542 confessionibus
1023 472 1104 550 suis,
1121 471 1204 537 iudi·
1226 487 1256 533 ro

156 577 208 640 cio
222 585 359 643 senatus
376 599 443 642 non
466 578 565 644 modo
587 579 749 664 praetoris
772 579 835 654 ius,
852 600 970 644 verum
992 577 1094 643 etiarn
1117 576 1201 641 civis

156 683 319 758 amiserat,
359 689 471 748 tamen
509 684 708 770 magistratu
741 705 777 748 se
814 681 992 760 abdicavit,
1027 690 1076 758 ut,
1114 703 1201 766 quae

157 786 273 872 religio
290 785 329 850 C.
346 786 464 865 Mari0,
480 788 663 852 clarissimo
680 788 762 864 viro,
780 809 846 851 non
863 786 984 863 iuerat,
1000 807 1070 871 quo
1091 786 1201 850 miuus

158 889 196 954 C.
221 889 407 969 Glauciam,
424 891 465 957 de
489 913 557 977 quo
583 891 668 956 nihil
695 891 891 956 nominatim
919 899 991 956 erat
1017 890 1199 965 decretum,
1258 896 1261 903 '

156 1003 341 1079 praetorem
372 995 548 1073 occideret,
580 1018 619 1062 ea
649 1017 709 1061 nos
741 996 902 1083 religione
933 996 967 1058 in
999 995 1131 1080 privato
1164 994 1201 1058 P.
1225 1012 1254 1056 eo

157 1098 303 1164 Lentulo
324 1100 497 1186 puniendo
519 1101 745 1176 liberaremur.

201 1221 265 1268 vn.
296 1204 395 1270 Nunc
419 1206 588 1290 quoniam,
606 1205 766 1285 Quirites,
783 1205 1094 1272 consceleratissimi
1119 1205 1253 1290 peri-16

155 1309 423 1394 culosissimique
440 1309 518 1374 belli
535 1307 680 1375 nefarios
705 1308 807 1375 duces
829 1317 943 1395 captos
970 1311 1035 1374 inm
1059 1318 1094 1374 et
1116 1329 1201 1372 com·

156 1412 335 1497 prehensos
362 1414 495 1490 tenetis,
521 1414 725 1480 existumare
753 1413 881 1480 debetis
908 1414 1016 1478 onmis
1044 1411 1199 1478 Cathinae

156 1518 277 1601 copias,
294 1519 401 1582 omnis
424 1539 501 1603 spes
524 1526 627 1604 atque
650 1539 729 1604 opes
752 1517 804 1583 his
828 1517 977 1604 depulsis
1001 1515 1092 1581 urbis
1118 1517 1200 1601 peri-

156 1622 241 1686 culis
257 1621 452 1688 concidisse.
499 1622 610 1703 Quem
622 1622 759 1708 quidem
775 1644 838 1709 ego
854 1643 930 1688 cum
947 1643 989 1686 ex
1006 1620 1087 1685 urbe
1104 1620 1202 1706 pelle·
1238 1637 1253 1680 c

156 1725 240 1803 bam,
256 1725 320 1792 hoc
340 1726 557 1812 providebam
583 1729 704 1804 animo,
722 1726 884 1807 Quirites,
902 1733 1027 1792 remoto
1053 1724 1200 1788 Catilina

156 1852 223 1894 non
240 1831 320 1895 mihi
344 1853 415 1896 esse
432 1832 471 1895 Ρ.
489 1831 625 1898 Lentuli
642 1853 797 1900 somnum
817 1853 878 1898 nec
903 1831 940 1894 L.
967 1830 1061 1895 Cassi
1085 1828 1199 1914 adipes

156 1956 216 2000 nec
233 1933 272 1999 C.
289 1935 430 2022 Cethegi
455 1934 615 2002 furiosam
641 1939 863 2002 temeritatem
887 1933 1195 2020 pertimescendam.

155 2038 218 2104 llle
248 2047 321 2104 erat
352 2061 438 2104 unus
469 2040 638 2106 timendus
665 2062 707 2106 ex
741 2042 814 2106 istis
849 2039 1013 2116 omnibus,
1043 2038 1103 2104 sed
1131 2046 1198 2102 tam

1142 2164 1192 2172 -——

186 2221 232 2280 41,
244 2221 289 2270 42.
306 2222 460 2284 praetoria
482 2222 538 2278 ine,
564 2222 667 2286 ‘rights
689 2223 777 2284 Alien,
787 2238 813 2287 p.
824 2222 916 2284 lii-23
929 2221 1086 2284 Creighton,
1095 2235 1121 2284 p.
1131 2220 1201 2284 css,-

155 2298 353 2361 oiapraetor3'
367 2299 666 2362 i.e.,exemptionirotn
688 2299 809 2359 Pennell,
833 2313 858 2362 p.
885 2300 938 2348 105.
974 2297 1069 2348 Cicero
1090 2298 1200 2347 distorte

155 2375 334 2438 prosecution.
378 2378 482 2423 tamen
502 2411 508 2423 .
528 2411 534 2423 .
554 2411 560 2423 .
581 2375 667 2424 abdi·
687 2377 734 2425 the
746 2376 815 2427 laets
827 2376 869 2426 ior
881 2375 927 2425 the
939 2375 1003 2424 sake
1019 2375 1048 2426 oi
1065 2374 1107 2424 his
1124 2387 1200 2437 argu·

155 2451 247 2508 cavit,
265 2458 406 2514 prognem,
423 2452 491 2501 ‘was
508 2452 621 2502 allowed
639 2458 667 2501 to
688 2461 771 2505 ment.

155 2527 262 2592 resign,’
287 2529 393 2578 instead
418 2529 448 2578 oi
476 2529 556 2592 being
584 2529 665 2579 killed

156 2605 234 2654 while
257 2605 285 2653 in
308 2604 393 2665 office,
418 2619 447 2654 as
466 2620 519 2656 was
543 2605 665 2666 Glaucia,
719 2609 823 2661 Second
852 2611 929 2660 Part:
964 2607 1135 2671 Importance
1171 2607 1200 2656 oi

155 2681 171 2730 1.
185 2683 223 2730 44.
259 2681 560 2731 ut...liberaremur
574 2681 664 2746 (1.46),
688 2688 760 2737 wirat
797 2688 847 2737 hes
885 2687 953 2736 been
989 2681 1196 2747 accompiished.

155 2759 197 2806 ‘in
210 2756 288 2808 order
300 2759 359 2807 that
372 2772 410 2807 we
424 2759 451 2806 in
470 2759 618 2822 punishing
635 2759 664 2809 P.
686 2761 699 2822 i
713 2764 800 2816 16-17.

156 2833 287 2884 Lentulus
315 2848 346 2883 cs
374 2849 391 2883 α
426 2836 533 2895 private
569 2837 667 2886 citizen
719 2841 783 2899 §1⁶-
801 2835 1196 2896 1-3.1eune(ei.nuncccro.

155 2911 241 2974 might
257 2911 290 2960 be
307 2910 421 2960 relieved
439 2911 467 2961 oi
486 2913 545 2960 that
563 2912 667 2975 scruple
688 2918 723 2968 ΙΙ.
737 2917 764 2966 a
775 2918 828 2978 20),
843 2916 933 2965 marks
946 2914 992 2964 the
1009 2913 1152 2962 transition
1169 2918 1198 2961 to

155 2988 220 3050 (ie,
247 2989 329 3038 about
357 2988 504 3051 punishing
532 3004 548 3038 a
571 2990 666 3052 magis·
687 3009 703 3043 a
722 3008 781 3044 new
799 2995 883 3056 point.
918 2994 1030 3054 captos
1047 2993 1080 3040 et
1097 3001 1197 3051 comp.

154 3066 245 3124 irate),
264 3064 352 3114 which
376 3064 460 3114 Gaius
484 3065 587 3115 Marius
605 3102 611 3114 .
632 3102 639 3114 .
659 3103 665 3114 .
687 3071 816 3120 tenetis:
845 3070 888 3120 ior
909 3070 956 3118 the
978 3066 1132 3130 participles
1154 3079 1198 3115 see

154 3141 206 3190 had
227 3147 275 3190 not
298 3141 350 3190 had
374 3147 402 3191 to
425 3142 494 3204 keep
517 3141 574 3190 him
597 3142 667 3191 irom
687 3146 841 3196 0n1.1.s.

44 3255 46 3260 .
154 3218 250 3282 killing
267 3218 351 3268 Gaius
369 3217 483 3268 Glaucia
494 3217 572 3268 while
587 3233 667 3280 prce·
719 3221 745 3270 4.
769 3222 909 3283 copies
932 3256 938 3268 .
961 3255 966 3266 .
989 3254 995 3266 .
1018 3217 1197 3267 concidisse

154 3295 214 3344 tor.’
250 3306 329 3358 quae
345 3293 459 3356 religio,
477 3294 524 3344 the
542 3309 666 3344 common
687 3298 743 3347 said
756 3298 855 3360 merely
868 3303 896 3347 to
907 3309 1055 3358 encourage
1072 3295 1119 3344 the
1136 3308 1198 3360 peo

154 3371 298 3432 repetition
309 3371 339 3419 oi
350 3371 397 3420 the
409 3371 580 3432 antecedent,
594 3370 611 3420 l.
626 3372 664 3420 45.
687 3373 742 3436 ple;
759 3372 853 3423 Cicero
864 3373 942 3422 knew
956 3372 1016 3420 that
1033 3371 1079 3420 the
1097 3370 1198 3433 danger

153 3446 262 3504 Mario,
274 3446 328 3496 dat.
343 3447 373 3496 oi
390 3461 536 3510 possessor.
688 3449 786 3511 washy
799 3464 835 3498 no
853 3463 945 3498 means
961 3461 1032 3497 over.
1067 3445 1155 3494 urbia
1169 3469 1195 3496 =

184 3523 230 3581 4³,
247 3523 293 3572 44.
313 3534 377 3584 quo
397 3523 499 3572 minua
515 3559 521 3571 .
538 3558 544 3571 .
562 3559 567 3570 .
584 3524 673 3572 oeci.
687 3525 807 3585 urbanis,
823 3525 933 3574 ‘within
947 3524 992 3572 the
1005 3521 1078 3584 city?

153 3599 248 3657 deret,
258 3599 411 3663 dependent
421 3613 493 3662 upon
508 3600 554 3649 the
567 3600 626 3649 idea
638 3601 667 3649 oi
717 3599 743 3649 9.
780 3599 838 3649 sed
873 3600 1027 3649 introduces
1055 3611 1071 3646 e
1099 3595 1197 3647 limita-

153 3675 301 3725 hindrance
323 3675 351 3725 in
374 3675 478 3736 relicto.
526 3674 556 3724 C.
574 3675 665 3724 Glau-
686 3678 744 3727 tion
767 3678 796 3727 oi
823 3677 870 3726 the
898 3675 1042 3739 preceding
1070 3673 1195 3738 thought

152 3751 481 3815 siamthcsupportcroi
492 3751 663 3812 Saturninus,
684 3756 749 3802 tarn
767 3753 827 3810 diu,
847 3753 926 3816 ‘only
943 3766 973 3802 so
990 3749 1081 3814 long:’
1100 3763 1197 3802 eccon

152 3828 204 3878 and
222 3828 304 3879 kllled
323 3828 389 3878 with
406 3827 464 3880 him
482 3828 575 3892 hythe
592 3829 662 3878 mob.
685 3829 753 3880 Mur.
776 3830 821 3879 ⁷0.
840 3831 864 3880 4.
