2936 4376
234 296 298 370 332
571 308 642 368 rao
661 310 694 400 r.
719 308 841 368 sunan
864 308 1015 368 caurio

284 491 325 556 de
356 511 463 575 poena
493 490 656 575 queritur,
687 489 745 554 sed
783 491 902 576 legem.
950 490 1129 554 Damnatio
1159 491 1212 555 est
1240 490 1331 554 enim

284 594 444 670 iudicum,
472 615 557 678 quae
583 594 747 669 manebat,
777 616 884 679 poena
912 595 1006 679 legis,
1033 616 1118 678 quae
1147 594 1330 659 levabatur.

234 699 363 766 64Noli
402 699 507 785 igitur
543 699 672 762 animos
711 719 827 762 eorum
865 698 1030 774 ordinum,
1070 700 1129 783 qui
1171 706 1333 783 praesunt

233 801 416 866 uindiciis
446 823 577 866 summa
608 823 683 866 cum
714 803 880 888 gravitate
913 810 948 866 et
978 801 1154 888 dignitate,
1186 803 1331 867 alienare

284 927 304 970 a
340 927 447 971 causa.
509 905 615 970 Nemo
653 905 853 970 labefactare
892 905 1054 970 iudicium
1092 914 1144 970 est
1181 913 1330 982 conatus

284 1010 369 1074 nihil
400 1017 452 1075 est
483 1011 555 1075 eius
587 1009 675 1073 modi
709 1011 969 1095 promulgatum,
998 1032 1129 1094 semper
1161 1010 1331 1075 Caecilius

284 1116 319 1178 in
359 1115 548 1180 calamitate
591 1113 705 1178 fratris
742 1115 793 1177 sui
831 1112 981 1178 iudicum
1017 1122 1220 1199 potestatem
1260 1136 1332 1199 per-

284 1217 499 1303 petuandam,
538 1219 623 1304 legis
664 1217 878 1286 acerbitatem
925 1218 1143 1304 mitigandam
1186 1220 1330 1303 putavit.

284 1341 393 1387 xxm.
425 1323 491 1389 Sed
508 1323 591 1408 quid
607 1345 669 1410 ego
686 1323 726 1388 de
743 1323 805 1387 hoc
823 1324 919 1408 plura
935 1323 1130 1409 disputem?
1176 1325 1330 1390 Dicerem

284 1427 436 1504 fortasse,
461 1437 495 1492 et
516 1427 615 1492 facile
643 1436 678 1492 et
702 1428 845 1492 libenter
870 1427 1024 1502 dicerem,
1050 1430 1077 1492 si
1107 1429 1205 1513 paulo
1229 1430 1331 1493 etiam

284 1533 428 1618 longius,
445 1553 546 1616 quam
570 1532 645 1596 finis
672 1531 832 1595 cotidiani
858 1531 957 1596 officii
986 1533 1146 1616 postulat,
1164 1532 1201 1594 L.
1219 1531 1333 1597 Caeci·

284 1636 367 1701 lium
394 1638 500 1722 pictas
527 1645 562 1701 et
588 1634 754 1700 fraternus
779 1657 869 1700 amor
891 1637 1102 1721 propulisset,
1119 1637 1331 1721 implorarem

247 1758 401 1807 nsensus
433 1750 571 1817 vestros,
596 1743 697 1804 unius
729 1741 893 1825 cuiusque
924 1740 1171 1827 indulgentiam
1192 1741 1227 1804 in
1250 1763 1330 1806 suos

285 1854 433 1923 testarer,
458 1855 606 1932 peterem
634 1847 766 1910 veniam
791 1854 900 1910 errato
925 1846 963 1908 L.
981 1844 1105 1910 Caecili
1134 1867 1175 1910 ex
1202 1847 1331 1911 intimis

283 1953 404 2016 vestris
429 1950 689 2037 cogitationibus
715 1959 817 2036 atque
845 1972 887 2015 ex
914 1950 1123 2015 humanitate
1151 1952 1330 2014 communi.

233 2058 272 2121 65
284 2056 355 2120 Lex
372 2055 443 2120 dies
461 2054 528 2118 fuit
544 2055 713 2140 proposita
737 2075 871 2139 paucos,
889 2053 968 2119 ferri
993 2050 1112 2139 coepta
1135 2076 1329 2140 numquam,

284 2159 435 2245 deposita
465 2168 517 2225 est
546 2160 579 2222 in
611 2167 741 2224 senatu.
804 2158 966 2224 Kalendis
998 2159 1163 2225 Ianuariis
1194 2161 1330 2224 cumin

233 2279 262 2326 ιο
285 2264 488 2351 Capitolium
527 2287 587 2328 nos
626 2273 781 2329 senatum
823 2285 1110 2340 convocassemus,
1149 2263 1233 2328 nihil
1277 2273 1331 2330 est

315 2482 379 2544 564.
398 2480 499 2529 24-27.
527 2479 602 2530 Noli
627 2515 632 2528 .
659 2516 664 2527 .
690 2516 695 2528 .
722 2479 793 2528 alie·
845 2480 891 2530 10.
922 2481 955 2530 in
983 2481 1187 2544 Capitolium:
1220 2496 1265 2532 see
1291 2497 1328 2534 on

282 2571 369 2607 nare:
387 2573 429 2608 see
441 2555 553 2613 oniti.
568 2560 606 2606 21.
642 2556 793 2614 ordinum,
816 2555 864 2605 IV.
889 2555 935 2604 18.
960 2558 996 2606 10.
1033 2558 1091 2606 'l‘he
1114 2559 1277 2607 ceremonias
1299 2560 1329 2608 oi

283 2635 352 2685 irom
361 2636 448 2684 ulrich
459 2635 505 2683 tire
517 2635 604 2696 jurors
614 2648 659 2683 are
669 2634 791 2693 selected,
816 2634 1005 2697 inauguration
1033 2643 1103 2683 were
1130 2649 1193 2698 very
1220 2634 1325 2698 simple.

282 2713 348 2760 Exc.
373 2711 410 2761 II.
430 2708 443 2766 i
460 2712 483 2760 6.
518 2710 723 2760 labefactare:
752 2711 794 2759 ior
815 2710 873 2759 Tire
901 2710 1016 2771 consuls,
1041 2711 1170 2772 preceded
1199 2713 1232 2774 by
1256 2713 1329 2761 their

282 2784 354 2836 form
377 2801 423 2838 see
446 2802 484 2839 on
507 2786 547 2838 II.
571 2783 623 2834 16.
643 2785 684 2838 27.
726 2786 794 2835 eius
815 2786 904 2836 lictors
916 2786 969 2835 and
982 2788 1173 2850 accompanied
1185 2789 1219 2851 by
1230 2789 1328 2851 priests

283 2862 381 2912 modi:
399 2864 441 2912 ior
452 2877 512 2912 case
525 2863 559 2912 ei.
575 2863 639 2920 560.
652 2863 677 2914 3.
814 2864 866 2912 and
890 2864 992 2926 people,
1017 2864 1144 2913 marcbed
1171 2865 1200 2914 iu
1222 2865 1327 2915 solemn

814 2941 967 3002 procession
985 2947 1014 2990 to
1031 2941 1078 2990 the
1098 2940 1249 3004 Capitoline
1265 2940 1325 3002 hill,

313 3016 340 3065 1.
354 3015 432 3073 boo,
456 3031 537 3066 masc.
564 3017 642 3080 gend.
689 3016 792 3078 dispu·
817 3017 903 3066 where
912 3018 992 3066 wirite
1004 3023 1089 3066 steers
1099 3031 1167 3067 were
1179 3018 1325 3078 sacriflced,

282 3095 358 3142 tem:
377 3093 486 3156 explain
500 3095 546 3142 ilie
560 3094 646 3143 mood.
814 3094 867 3142 and
879 3108 987 3157 prayer-s
998 3094 1100 3144 offered
1112 3094 1211 3144 iorthe
1220 3095 1326 3144 Roman

314 3159 385 3231 §aa
405 3170 431 3226 8,
443 3169 469 3218 9.
486 3169 546 3218 iuit
563 3170 738 3232 proposita:
756 3171 791 3220 ci.
815 3171 917 3233 people.
963 3172 1022 3220 The
1052 3176 1145 3220 senate
1172 3185 1226 3220 was
1259 3172 1326 3221 then

246 3290 249 3295 .
283 3247 342 3307 §aa
354 3247 391 3296 19.
415 3246 488 3295 ferri
497 3249 610 3308 coepta
618 3258 793 3308 numquam,
815 3247 898 3296 called
911 3249 969 3297 into
981 3249 1027 3297 tire
1045 3247 1143 3310 temple
1160 3247 1190 3297 of
1207 3247 1325 3309 Jupiter,

284 3324 320 3372 ‘ii
330 3337 410 3373 never
420 3323 504 3386 began
514 3325 580 3373 tobe
589 3330 638 3386 put
647 3325 791 3386 througb3'
815 3323 868 3372 and
885 3323 932 3372 the
949 3325 1007 3374 first
1029 3325 1151 3373 business
1171 3325 1326 3373 transacted

281 3400 328 3449 tlre
346 3400 442 3463 phrase
453 3400 531 3460 serre
546 3401 639 3461 leyem,
659 3400 702 3450 ‘to
718 3407 794 3463 geta
815 3400 914 3462 always
932 3400 1032 3450 related
1049 3405 1078 3449 to
1095 3399 1185 3462 public
1199 3399 1327 3464 religious
1421 3467 1424 3472 Ι

281 3477 331 3526 law
340 3477 453 3540 passed,’
464 3478 486 3527 is
494 3479 557 3527 used
566 3479 594 3527 oi
603 3479 648 3526 the
656 3492 790 3540 proposer.
815 3478 886 3526 rites.
912 3479 992 3527 Aiter
1001 3478 1066 3526 such
1076 3477 1155 3527 other
1163 3476 1287 3526 business
1296 3491 1327 3526 as

282 3554 333 3603 For
345 3555 391 3603 ilie
403 3557 509 3616 passive
522 3558 616 3615 coepta
630 3554 693 3616 (est)
706 3569 749 3604 see
758 3555 790 3603 A.
816 3568 869 3602 was
881 3553 1037 3604 introduced
1049 3553 1102 3602 bad
1120 3554 1187 3602 been
1201 3553 1325 3610 fluished,

282 3631 328 3679 143
337 3644 372 3692 c;
385 3631 417 3679 G.
428 3633 474 3680 424
489 3631 563 3679 Rem.
577 3631 650 3692 ];Η.
661 3633 708 3682 297
722 3634 747 3692 1;
761 3632 790 3679 P.
815 3631 860 3678 the
878 3631 1030 3691 processioa
1050 3644 1105 3678 was
1122 3630 1253 3679 reformed
1271 3631 1326 3680 and

281 3708 328 3756 249
351 3706 389 3768 (3)
413 3721 438 3757 α.
474 3706 620 3768 deposita
643 3710 698 3765 est,
724 3707 792 3756 ‘laid
814 3708 959 3768 proceeded
983 3714 1011 3755 to
1033 3707 1080 3755 the
1103 3707 1200 3756 iorum.
1241 3705 1327 3762 nihil,

281 3783 372 3832 aside’
407 3782 561 3832 Kalendis
580 3782 733 3832 Ianuariis
751 3785 791 3844 63,
815 3785 868 3843 i.e.‚
879 3784 908 3832 oi
916 3784 1042 3846 ordinary
1050 3783 1185 3845 business,
1199 3783 1327 3846 religlous

280 3859 328 3908 the
337 3859 393 3909 first
401 3860 453 3922 day
461 3861 490 3910 oi
498 3859 789 3923 Cicero’sconsulshlp.
814 3858 935 3909 business
953 3859 1053 3923 always
1069 3860 1134 3909 took
1152 3860 1324 3922 precedence.
