2876 4378
268 276 333 342 542
723 289 754 342 r.
777 288 904 340 snsrio
926 287 1078 339 ORATIO.

322 462 430 539 rabat,
451 461 528 528 Sex.
548 460 699 538 Clodius,
719 462 819 527 homo
843 461 886 526 iis
911 461 1142 548 dignissimus,
1167 460 1369 548 quibuscum
1431 435 1433 454 ¹

268 567 415 643 revivit,
430 565 545 631 tubam
557 565 746 642 Vatinium,
759 585 831 632 sese
847 567 1045 651 scriptorem
1060 587 1133 632 esse
1149 564 1295 642 diceret;
1311 567 1367 632 ille

319 692 407 736 unus
434 669 560 735 ordinis
588 670 694 735 nostri
716 670 866 736 discessu
894 691 977 748 mec,
1000 671 1097 735 luctu
1120 677 1233 735 vestro
1259 671 1368 756 palam
1432 655 1433 660 ἵ

319 775 497 840 exultavit.
537 773 589 839 De
606 795 673 858 quo
686 796 758 861 ego,
772 797 850 839 cum
866 773 987 840 cotidie
1003 781 1127 851 rueret,
1140 774 1282 839 verbum
1292 774 1367 853 feci,
1433 803 1434 808 ¹

317 878 456 955 iudices,
473 900 658 964 numquam
675 901 784 964 neque
800 880 929 965 putavi,
941 902 1019 944 oum
1034 879 1187 944 omnibus
1204 879 1367 946 machinis

318 1006 356 1050 ac
380 985 566 1060 tormentis,
593 984 638 1060 vi,
662 984 824 1060 exercitu,
851 984 956 1070 copiis
985 1005 1205 1070 oppugnaret,
1231 983 1272 1050 de
1300 1006 1368 1050 uno

266 1103 294 1148 ro
315 1087 491 1174 sagittario
521 1109 574 1153 me
606 1087 702 1171 queri
741 1089 930 1153 convenire.
991 1087 1081 1152 Acta
1119 1108 1192 1152 mea
1225 1087 1290 1152 sibi
1322 1090 1369 1154 ait
1434 1149 1435 1174 ἶ

318 1191 505 1276 displicere.
553 1190 638 1271 Quis
655 1191 788 1256 nescit?
814 1193 873 1276 qui
893 1192 1002 1278 legem
1030 1213 1137 1256 meam
1162 1199 1368 1270 contemnat,
1434 1185 1435 1188 ¹

317 1317 402 1380 quae
426 1294 573 1361 dilucide
603 1303 697 1361 vetat
723 1295 924 1382 gladiatores
949 1295 1094 1372 biennio,
1119 1317 1187 1380 quo
1210 1297 1288 1380 quis
1315 1319 1369 1382 pe-

148 1463 150 1466 .
245 1403 302 1464 134
318 1400 410 1464 tierit
439 1407 499 1464 aut
530 1400 698 1485 petiturus
730 1401 784 1475 sit,
812 1399 899 1464 dare.
941 1400 981 1463 ln
1007 1421 1074 1485 quo
1100 1400 1172 1464 eius
1199 1401 1370 1466 temerita-

317 1511 384 1568 tem
400 1503 483 1567 satis
504 1504 627 1579 mirari,
644 1501 783 1578 iudiceS,
800 1525 868 1566 non
894 1525 991 1588 queo.
1038 1503 1135 1568 Facit
1158 1504 1368 1587 apertissime

263 1623 294 1670 20
315 1613 432 1672 contra
469 1607 588 1692 legent,
621 1605 703 1671 facit
735 1608 774 1683 ia,
807 1607 866 1691 qui
900 1628 1012 1691 neque
1043 1606 1129 1671 elabi
1167 1629 1209 1671 ex
1240 1607 1369 1674 iudicio

316 1709 526 1774 iucunditate
551 1732 613 1774 sua
639 1732 748 1794 neque
773 1711 882 1775 emitti
910 1711 1018 1796 gratia
1033 1717 1146 1795 potest
1165 1731 1277 1794 neque
1301 1714 1371 1797 opi·

316 1816 378 1881 bus
394 1823 429 1880 et
442 1816 593 1899 potentia
609 1815 700 1901 leges
722 1835 759 1880 ac
784 1815 906 1880 iudicia
930 1815 1146 1902 perfringere.
1193 1815 1291 1894 Quae
1316 1841 1370 1883 res

314 1919 484 1992 hominem
509 1919 652 2004 inpellit,
670 1927 709 1983 ut
733 1921 779 1984 sit
802 1927 871 1984 tarn
892 1920 1144 2004 intemperans?
1189 1919 1369 1986 Familiam

314 2022 556 2110 gladiatoriam,
573 2021 682 2098 credo,
699 2031 819 2088 nactus
840 2032 892 2089 est
913 2024 1106 2108 speciosam,
1123 2023 1281 2101 nobilem,
1298 2026 1371 2112 glo

262 2144 291 2190 at
313 2129 443 2191 riosarn.
490 2126 596 2190 Norat
610 2125 723 2190 studia
740 2129 865 2213 populi,
886 2127 1022 2193 videbat
1044 2128 1204 2192 clamores
1231 2136 1267 2193 et
1292 2152 1372 2194 con·

315 2253 433 2298 cursus
445 2231 589 2294 futuros.
631 2229 706 2295 Hac
720 2233 971 2316 exspectatione
985 2232 1095 2297 elatus
1107 2232 1206 2296 homo
1218 2230 1371 2320 flagrans

314 2336 500 2422 cupiditate
517 2335 642 2422 gloriae
656 2342 770 2400 tenere
787 2358 822 2400 se
839 2358 907 2400 non
924 2337 1047 2422 potuit,
1066 2337 1150 2421 quin
1165 2358 1222 2401 eos
1239 2337 1374 2423 gladia·

314 2449 403 2506 tores
419 2439 604 2515 induceret
619 2461 762 2524 quorum
775 2448 865 2505 esset
880 2441 950 2525 ipse
968 2434 1223 2526 pulcherrimus.
1271 2439 1311 2505 si
1329 2442 1371 2508 oh

343 2676 424 2726 9-14.
448 2675 521 2726 Sex.
541 2675 678 2732 Clodius,
702 2689 718 2724 a
740 2674 826 2724 freed·
849 2675 909 2724 erit
923 2679 978 2725 aut
996 2677 1155 2738 petiturus
1172 2675 1215 2724 sit
1230 2674 1374 2740 ‘(before)

310 2765 374 2802 man
382 2753 412 2802 of
419 2753 465 2802 the
473 2752 604 2802 claudian
611 2753 705 2810 house,
713 2752 827 2801 andem·
849 2753 976 2814 running,
994 2766 1024 2802 or
1039 2753 1152 2815 making
1174 2766 1211 2813 up
1230 2753 1276 2801 ltls
1289 2755 1375 2804 mind

311 2827 406 2889 ployed
414 2828 448 2890 by
456 2828 617 2877 thetribnne
624 2828 730 2877 todratv
736 2841 773 2889 up
780 2828 826 2876 the
850 2833 945 2888 toran,
956 2828 1099 2878 lorofficest
1124 2839 1201 2890 quo:
1213 2829 1249 2877 cf.
1261 2829 1276 2890 ᾗ
1287 2831 1316 2880 2.
1332 2831 1373 2883 1'1.

310 2902 376 2953 laws
387 2905 475 2953 which
488 2905 522 2952 he
534 2904 674 2966 proposed.
710 2902 825 2960 tubam,
880 2905 972 2964 5134.
1007 2904 1053 2962 19,
1067 2904 1113 2953 20.
1146 2916 1223 2952 non
1241 2917 1375 2966 queo:

309 2973 426 3041 perhaps
462 2978 679 3041 ‘mouth-plece‚’
709 2978 826 3040 ‘spokes-
848 2981 891 3030 lor
916 2982 987 3031 form
1018 2995 1062 3030 see
1093 2995 1129 3030 on
1160 2981 1230 3029 Mur.
1265 2979 1320 3030 55.
1348 2985 1374 3033 9.

309 3056 394 3104 man!
429 3054 573 3104 omnibus
592 3090 617 3102 ..
633 3054 824 3111 .tormenti⁸.
847 3069 888 3106 cx
904 3057 1030 3107 iudicio.
1065 3058 1109 3107 He
1122 3071 1175 3107 was
1187 3063 1216 3105 at
1232 3058 1291 3108 this
1305 3073 1378 3122 very

311 3129 363 3180 ‘all
378 3137 447 3182 sorte
464 3132 493 3180 of
509 3132 596 3193 heavy
609 3130 748 3192 artlllery!
847 3135 912 3183 tinre
922 3134 1081 3183 threatened
1090 3133 1155 3183 with
1165 3147 1181 3182 a
1190 3136 1378 3196 prosecution

341 3206 442 3257 15-18.
476 3209 561 3256 Acta
588 3219 663 3265 moa,
690 3207 751 3268 ‘my
778 3207 824 3256 ad·
846 3208 889 3256 for
901 3213 1041 3270 contempt
1052 3208 1082 3257 ot
1097 3208 1144 3256 the
1156 3207 1198 3256 lec
1213 3207 1322 3259 Tullia.
1355 3255 1362 3272 ,

309 3283 512 3333 ministration!
558 3283 624 3345 qui
639 3283 648 3345 t
662 3307 686 3331 .-.
700 3297 760 3332 cum
788 3281 822 3344 is)
878 3283 976 3334 22-28
994 3283 1081 3342 Quae
1105 3295 1164 3333 res.
1204 3283 1305 3334 Cicero
1335 3301 1380 3336 as-

310 3361 578 3415 ...contemnat
606 3359 675 3407 ‘sets
703 3363 731 3406 at
760 3357 824 3407 defi·
846 3375 937 3410 sumes
959 3361 1020 3410 that
1048 3361 1095 3409 the
1124 3373 1203 3410 cause
1226 3375 1282 3410 was
1316 3377 1380 3412 am-

308 3434 403 3484 ance2'
428 3436 471 3485 foi·
489 3436 607 3496 position
625 3435 654 3483 oi
671 3435 718 3484 the
734 3433 824 3484 clause
846 3437 942 3496 bition,
966 3436 1021 3485 and
1049 3435 1178 3498 proceeds
1206 3441 1235 3484 to
1260 3438 1380 3500 inquii-c

309 3525 354 3561 see
370 3526 405 3561 on
424 3511 477 3561 111.
492 3512 517 3559 5.
530 3513 570 3561 28.
605 3511 740 3568 biennio,
753 3523 823 3571 quo,
847 3511 904 3560 into
916 3511 963 3559 the
975 3508 1094 3573 grounds
1107 3508 1238 3559 Vatinius
1256 3511 1317 3561 had
1332 3513 1381 3562 for

311 3585 465 3649 ‘twoyears
474 3586 592 3647 before3’
607 3600 641 3636 an
650 3586 821 3635 abbreviated
846 3587 994 3649 supposlng
1017 3587 1078 3636 that
1101 3586 1174 3635 fame
1198 3587 1292 3636 would
1323 3588 1380 3638 iol--

310 3663 464 3724 expression
478 3663 821 3712 forbiernn'onntennnnm
847 3663 898 3712 low
924 3663 966 3712 his
983 3664 1080 3713 shows.
1107 3661 1222 3720 studita,
1244 3665 1377 3718 ‘tastes'

310 3753 373 3800 quo,
384 3740 450 3788 with
462 3739 551 3788 ulrich
563 3739 667 3800 maybe
680 3738 822 3800 compared
848 3738 1033 3800 preferences‚’
1059 3740 1115 3798 i.e.,
1140 3739 1167 3786 in
1193 3739 1241 3786 the
1267 3747 1381 3788 ruattor

310 3813 729 3873 caes-111.t³·2cnurv‚1.8-1.
748 3814 876 3886 peti-,of
893 3820 1083 3874 amuseueuts.
1126 3812 1380 3886 praenotamus.
