2936 4376
502 312 583 365 oar.
609 317 695 376 ren,
721 317 734 376 i
758 317 845 366 scas.
1184 305 1270 378 319.

150 483 431 550 consuetudinem
455 484 589 550 dicendi
617 507 733 562 meam,
758 486 827 550 noli
855 486 917 552 hoc
944 488 1083 552 lenitate
1111 509 1198 552 nova
1221 504 1247 548 21

150 589 245 654 abuti
272 609 354 665 mea,
379 589 449 653 noli
471 591 603 656 aculeos
632 591 791 655 orationis
817 612 919 667 meae,
947 591 1007 676 qui
1030 591 1193 657 reconditi

149 704 241 769 sunt,
266 713 424 758 excussos
446 692 608 786 arbitrari,
633 695 703 759 noli
730 694 765 759 id
791 695 927 759 omnino
954 717 974 759 a
1000 717 1053 760 me
1075 703 1192 781 putare

149 819 221 864 esse
237 799 405 874 amissum,
423 798 453 862 si
469 798 553 883 quid
572 806 624 864 est
647 798 708 864 tibi
732 799 907 864 remissum
935 807 1036 884 etque
1065 821 1196 892 conces·

149 924 234 968 sum.
282 901 368 966 Cum
384 903 461 968 illae
480 904 595 968 valent
611 902 702 988 apud
723 925 775 968 me
801 905 1035 968 excusationes
1054 905 1196 970 iniuriae
1220 922 1248 966 er

150 1015 239 1084 tuae,
266 1008 371 1072 iratus
400 1008 531 1073 animus
559 1015 649 1084 tuus,
676 1015 777 1084 aetas,
803 1009 949 1073 amicitie
973 1016 1096 1084 nostra,
1122 1017 1194 1106 tum

149 1111 300 1176 nondum
330 1119 443 1178 statuo
470 1120 503 1178 te
530 1113 652 1178 virium
676 1113 757 1176 satis
781 1111 911 1188 habere,
935 1121 976 1177 ut
999 1134 1061 1199 ego
1084 1120 1193 1178 tecum

149 1217 272 1282 luctari
294 1225 329 1282 et
350 1217 509 1304 congredi
533 1217 682 1283 debeam.
730 1216 860 1297 Quodsi
888 1239 978 1282 esses
1004 1239 1068 1282 usu
1093 1226 1194 1303 atque

148 1329 258 1388 aetate
275 1321 451 1399 robustior,
469 1344 577 1388 essem
591 1322 692 1399 idern,
709 1322 767 1407 qui
785 1322 885 1398 soleo,
904 1343 1072 1388 cumeum
1095 1323 1195 1388 leces-

148 1427 254 1503 situs;
278 1448 368 1491 nuno
385 1435 496 1492 tecum
513 1429 560 1493 sic
577 1449 683 1514 agam,
701 1428 818 1492 tulisse
843 1435 883 1491 ut
904 1428 1017 1512 potius
1040 1428 1195 1492 iniuriam
1219 1443 1248 1520 3³0

149 1552 250 1616 quem
276 1531 447 1596 rettulisse
479 1533 623 1618 gratiam
654 1531 777 1597 videar.
839 1547 931 1595 xvii.
957 1530 1076 1617 Neque
1107 1536 1247 1610 vero,48

149 1635 233 1720 quid
248 1635 330 1699 mihi
352 1637 502 1712 irascare,
530 1637 727 1722 intellegere
752 1656 898 1721 possum.
946 1634 991 1712 si,
1009 1636 1101 1721 quod
1116 1658 1192 1702 eum

148 1739 302 1816 defendo,
320 1761 419 1825 quern
437 1749 475 1806 tu
491 1762 636 1817 accusas,
653 1763 714 1806 cur
737 1740 798 1805 tibi
821 1761 883 1827 ego
911 1762 978 1804 non
1003 1763 1192 1820 suacensem

148 1844 240 1929 quod
263 1866 399 1910 accusas
424 1867 511 1921 eum,
536 1867 637 1930 quern
668 1867 730 1931 ego
761 1843 933 1910 defendo?
994 1845 1191 1911 ‘Inimicum

148 1949 232 2035 ego‚’
249 1950 373 2033 inquis,
393 1958 533 2014 ‘accuso
549 1949 681 2015 meum?
728 1949 774 2013 Iit
796 1949 940 2015 amicum
964 1971 1028 2036 ego
1051 1949 1195 2016 defendo
1231 1967 1246 2012 o

148 2075 268 2118 meum.
326 2053 420 2118 ‘Non
451 2054 551 2120 debes
581 2063 619 2118 tu
640 2075 856 2139 quemquam
887 2055 923 2118 in
953 2056 1193 2123 coniurationis

147 2159 343 2243 quaestione
375 2157 576 2224 defendere’
623 2159 730 2222 lrnmo
765 2179 863 2224 nemo
895 2160 1000 2245 magis
1032 2181 1120 2236 eum,
1151 2161 1192 2227 de
1241 2203 1245 2210 -

147 2284 215 2349 quo
246 2263 330 2326 nihil
361 2285 523 2348 umquam
549 2273 601 2330 est
632 2265 833 2349 suspicatus,
866 2285 967 2350 quarn
998 2265 1037 2340 is,
1065 2266 1122 2350 qui
1151 2266 1192 2332 de

179 2489 193 2550 ξ
217 2487 257 2539 47.
276 2487 377 2536 21-24.
395 2487 483 2537 noll.
506 2524 512 2536 .
535 2523 541 2537 .
562 2489 657 2546 abuti,
683 2489 705 2538 is
740 2489 805 2538 used
836 2489 866 2539 oi
897 2488 984 2553 single
1014 2489 1192 2540 combatanta.

146 2578 299 2615 aoommon
311 2565 381 2613 iorrn
394 2565 464 2614 fora
481 2566 655 2627 prohibition.
683 2575 773 2621 nuno,
782 2578 812 2613 as
822 2564 849 2612 in
863 2565 912 2614 IV.
926 2564 952 2613 9.
967 2567 992 2626 13
1012 2564 1037 2613 2.
1050 2566 1094 2626 20;
1111 2564 1133 2613 1.
1147 2563 1193 2613 17.

146 2639 180 2689 Α.
195 2640 250 2699 269,
271 2652 298 2697 u,
318 2641 346 2700 23
365 2638 397 2689 G.
412 2640 459 2688 264
478 2640 532 2702 11.;
552 2641 588 2689 Η.
610 2641 658 2690 489
682 2640 721 2688 24.
757 2640 918 2691 rettulisse
932 2641 1070 2702 gratiam,
1087 2641 1193 2703 ‘repaid

148 2711 206 2777 (i);
229 2710 261 2761 B.
279 2711 328 2762 276
345 2726 366 2761 c.
402 2709 456 2762 For
473 2709 609 2779 meaning
625 2712 658 2765 of
682 2717 732 2777 it;’
752 2718 798 2766 tbe
816 2719 921 2780 phrase,
936 2719 990 2768 like
1006 2732 1058 2768 our
1076 2718 1191 2781 ‘repay,’

146 2789 223 2838 obuii
245 2801 290 2838 see
315 2801 350 2837 on
374 2788 397 2837 1.
422 2788 448 2836 1.
472 2791 493 2838 1.
529 2790 657 2840 aculeos
683 2790 821 2854 ‘require’
839 2794 861 2841 is
878 2806 957 2842 avoc
969 2794 1080 2843 medio:
1097 2807 1141 2842 see
1157 2808 1193 2842 on

146 2875 306 2919 excussos,
329 2865 472 2926 metaphor
494 2866 565 2915 from
584 2867 654 2927 bees,
682 2867 732 2918 IV.
746 2868 791 2918 22.
802 2870 847 2930 41;
864 2869 909 2918 12.
921 2871 961 2919 40.

146 2939 236 2989 which
248 2953 317 2989 were
329 2940 470 3003 popularly
482 2943 616 3004 supposed
629 2950 657 2994 to

146 3015 221 3065 leave
243 3016 314 3065 their
330 3017 417 3080 stings
439 3018 468 3066 in
491 3019 538 3068 the
557 3021 655 3070 wound
713 3021 778 3080 548.
812 3020 879 3070 This
891 3022 993 3071 seotlon
1006 3021 1143 3072 furnishes
1157 3036 1192 3072 an

145 3091 372 3142 andthentodie.
402 3094 655 3158 reconditi.‘orrly
680 3095 814 3146 excellent
842 3097 966 3160 example
988 3098 1018 3147 oi
1046 3098 1118 3147 what
1146 3099 1192 3148 the

145 3167 266 3216 hidden'
301 3167 456 3226 meum,
476 3170 656 3220 remissum:
680 3172 724 3220 old
742 3175 938 3235 grammarinns
954 3175 1039 3224 called
1057 3189 1093 3223 an
1110 3174 1192 3225 ulter-

145 3256 188 3291 see
200 3257 234 3292 on
248 3242 270 3292 1.
280 3241 326 3292 30.
338 3244 378 3305 25,
390 3245 443 3294 and
452 3246 488 3295 cf.
498 3246 548 3296 IV.
558 3246 604 3295 11.
615 3250 656 3308 123
681 3251 762 3309 cutio,
787 3264 817 3299 or
845 3251 994 3313 irnaglnary
1017 3251 1124 3313 dispute
1149 3251 1193 3301 be-

145 3317 214 3366 Mur.
228 3316 273 3366 61.
291 3318 331 3378 29,
349 3319 403 3368 end
415 3321 500 3371 above
512 3321 542 3382 §5
554 3321 593 3371 30.
614 3324 656 3384 10;
680 3331 766 3374 tween
780 3327 827 3374 tlre
839 3340 949 3378 accuser
960 3328 1014 3376 and
1026 3327 1162 3378 deiender.

146 3395 183 3442 12.
196 3395 236 3443 24.
277 3393 311 3442 id
328 3429 334 3442 .
351 3430 357 3443 .
375 3430 381 3442 .
398 3395 426 3444 sl
447 3395 537 3458 quid:
563 3398 610 3447 the
632 3402 655 3448 si
711 3401 772 3450 2-5.
791 3401 886 3454 Simo.
897 3406 963 3454 milri
973 3405 1110 3454 irasceris.
1146 3405 1192 3453 in·

144 3468 193 3517 bas
210 3468 262 3518 lost
279 3469 314 3518 all
336 3470 371 3520 its
388 3471 554 3521 conditional
573 3473 653 3536 force,
679 3478 762 3539 quis:
780 3480 822 3529 lor
840 3481 886 3528 tire
904 3480 983 3542 form,
997 3481 1031 3529 A.
1047 3482 1092 3529 144
1104 3481 1138 3544 b;
1155 3479 1190 3532 G.

144 3544 195 3592 and
209 3546 233 3593 ei
245 3545 313 3606 quid
325 3545 464 3596 isaweak
476 3547 557 3608 qood.
680 3550 729 3602 190
748 3552 779 3613 2;
806 3549 843 3603 Η.
866 3553 914 3604 297
938 3550 976 3601 ll.
1000 3552 1033 3609 ²3
1063 3550 1093 3600 B.
1122 3552 1188 3616 1343

175 3618 275 3668 28-31.
293 3619 408 3669 luctari
433 3624 466 3670 et
499 3625 653 3682 congredi,
665 3654 666 3681 r
680 3631 721 3679 lor
734 3630 768 3678 its
781 3643 829 3679 use
840 3631 874 3680 A.
889 3631 937 3680 345
950 3645 983 3693 c‚·
1002 3632 1035 3682 G.
1048 3634 1094 3682 dil
1113 3635 1188 3687 Rern.

146 3693 343 3758 ‘struggieand
361 3697 472 3746 battlez'
492 3699 539 3747 tire
556 3685 708 3760 seooud¹2;
736 3705 772 3756 H.
796 3707 845 3757 coti
871 3706 919 3769 l'.;
945 3707 978 3758 B.
1004 3711 1058 3760 134.
1102 3709 1140 3757 nt
1165 3709 1187 3759 is

144 3771 166 3820 is
178 3773 223 3820 the
237 3783 360 3834 stronger
371 3775 444 3824 word
462 3789 492 3824 as
510 3777 532 3823 it
549 3777 571 3824 is
589 3778 653 3826 used
664 3753 666 3789 ἱ
679 3782 833 3832 sometimes
852 3782 915 3831 used
941 3783 1047 3832 instead
1065 3785 1095 3834 oi
1115 3789 1144 3834 ot
1162 3791 1191 3834 to

142 3846 172 3905 vi
184 3847 269 3907 WhOle
281 3850 388 3914 onmes,
403 3850 483 3908 while
494 3852 543 3907 the
554 3806 667 3906 ronnei-i
679 3856 758 3909 make
770 3869 805 3910 ao
817 3857 971 3928 interposed
983 3859 1120 3930 objectiou
1135 3859 1190 3918 still
