2876 4378
230 289 293 356 544
589 303 661 355 rao
684 306 714 354 r.
739 305 865 354 snsrio
887 303 1036 354 culmo.

280 477 389 563 legem
421 437 547 540 nullam
578 483 705 560 putare.
767 473 946 539 Caeciliam
985 473 1129 553 Didiam,
1163 476 1331 543 Liciniam

283 582 415 646 Iuniam
438 580 649 665 contempsit.
696 580 851 644 Etiamne
876 580 958 656 ciue,
980 600 1080 663 quem
1105 602 1166 645 sua
1192 582 1268 668 lege
1295 591 1332 648 et

279 708 341 752 suo
365 684 526 750 beneficio
552 683 716 760 ornatum,
740 685 919 760 munitum,
947 692 1113 748 armatum
1143 685 1230 750 solet
1259 687 1332 773 glo-

281 791 367 867 riari,
396 789 434 853 O.
463 788 624 863 Caesaris,
652 788 760 872 legem
792 787 832 852 de
860 789 1012 873 pecuniis
1040 788 1235 873 repetundis
1260 812 1331 855 non

225 911 255 956 50
277 901 376 981 putat
399 915 470 959 esse
493 891 628 978 legem?
676 891 722 956 Et
746 893 842 956 aiunt
866 892 948 956 alios
974 913 1056 968 esse,
1075 894 1134 977 qui
1156 900 1232 958 acta
1248 892 1332 959 Cae-

278 1001 361 1064 saris
376 995 578 1070 rescindant,
595 1017 672 1060 cum
688 995 768 1061 haec
785 1003 924 1080 optuma
948 997 1005 1061 lex
1029 1004 1064 1060 et
1079 996 1120 1060 ab
1137 997 1195 1060 illo
1212 1018 1330 1063 socero

279 1105 351 1168 eius
367 1110 403 1167 et
417 1101 459 1166 ab
475 1101 536 1165 hoc
552 1099 709 1165 adsecula
723 1099 941 1187 neglegatur!
987 1117 1073 1166 LXV.
1099 1101 1144 1165 Et
1160 1101 1332 1167 cohortari

280 1228 381 1272 ausus
403 1214 456 1272 est
479 1213 653 1270 accusator
675 1206 710 1268 in
737 1205 798 1269 hac
821 1225 922 1269 causa
945 1226 1015 1280 vos,
1040 1203 1180 1281 iudices,
1204 1212 1245 1270 ut
1272 1206 1333 1270 ali-

278 1312 413 1395 quando
428 1311 546 1375 essetis
562 1310 681 1386 severi,
698 1308 882 1394 aliquando
899 1309 1100 1374 medicinam
1123 1309 1331 1376 adhiberetis

277 1417 324 1480 rei
349 1414 512 1501 publicae.
558 1415 635 1479 Non
663 1436 702 1479 ea
729 1420 782 1478 est
807 1413 982 1489 medicina,
1008 1435 1084 1478 cum
1111 1435 1209 1478 sanae
1238 1417 1331 1499 parti

238 1532 253 1577 t
275 1520 419 1605 corporis
431 1519 628 1603 scalpellum
641 1517 821 1582 adhibetur
830 1525 933 1602 atque
947 1518 1097 1603 integrae
1109 1541 1116 1593 ;
1134 1518 1331 1583 carnificina

276 1630 328 1687 est
354 1623 418 1687 ista
444 1630 479 1687 et
504 1622 711 1698 crudelitas3
739 1623 770 1686 ei
797 1621 975 1685 medentur
1000 1622 1048 1685 rei
1075 1621 1239 1705 publicae,
1266 1624 1330 1707 qui

267 1732 426 1790 exsecant
451 1733 581 1810 pestem
604 1727 752 1810 aliquam
778 1733 951 1808 tamquam
976 1732 1140 1788 strumam
1164 1726 1329 1790 civitatis.

204 1833 261 1895 136
320 1828 387 1893 Sed
413 1836 454 1893 ut
479 1836 668 1894 extremum
695 1829 816 1894 habeat
839 1827 968 1912 aliquid
992 1828 1097 1892 oratio
1121 1849 1203 1905 mea,
1227 1836 1264 1893 et
1287 1837 1331 1894 ut

276 1955 339 2020 ego
371 1941 448 1998 ante
481 1932 614 1998 dicendi
647 1933 747 1998 finem
778 1933 898 1996 faciam
930 1953 1031 2017 quam
1067 1953 1127 1997 vos
1158 1933 1224 1996 mei
1255 1941 1330 1998 tam

223 2052 251 2099 ιο
274 2044 403 2102 attente
414 2036 583 2114 audiendi,
598 2037 797 2102 concludam
811 2035 897 2100 illud
910 2035 951 2100 de
965 2036 1184 2120 optimatibus
1196 2058 1331 2102 eorum-

275 2163 341 2227 que
369 2140 576 2227 principibus
603 2163 641 2206 ac
668 2143 716 2206 rei
743 2141 895 2226 publicae
920 2139 1153 2205 defensoribus
1182 2161 1328 2226 vosque,

274 2245 517 2324 adulescentes,
541 2247 658 2331 etqui
682 2246 809 2310 nobiles
836 2246 925 2319 estis,
943 2244 985 2308 ad
1011 2245 1173 2308 maiorum
1198 2253 1331 2310 vestro-

275 2371 349 2414 rum
376 2351 599 2416 imitationem
623 2350 787 2425 excitabo,
813 2356 848 2413 et
875 2350 934 2433 qui
963 2349 1099 2435 ingenio
1127 2370 1164 2413 ac
1192 2350 1328 2417 virtute

169 2549 172 2556 '
272 2538 315 2588 sul
326 2552 356 2588 as
367 2552 383 2587 a
394 2537 474 2599 law3’
489 2537 572 2598 lenem
583 2544 658 2586 must
673 2538 706 2587 be
723 2551 785 2600 sup·
807 2535 860 2585 and
884 2538 1105 2601 promagistrates
1123 2539 1166 2589 for
1183 2543 1331 2605 extorting

272 2613 344 2676 plied
357 2627 386 2662 as
399 2613 547 2674 predicate:
564 2613 598 2662 cf.
613 2612 650 2662 ΙΙ.
669 2613 765 2661 22.19.
807 2625 913 2674 money.
949 2612 990 2662 nt
999 2614 1093 2672 aiunt
1102 2620 1163 2676 etc,
1176 2614 1245 2665 ‘and
1256 2617 1328 2680 they

303 2688 350 2745 46,
373 2687 420 2736 47.
449 2687 617 2737 Caeciliam
651 2688 782 2746 Didiam,
807 2688 865 2737 talk
911 2690 994 2739 about
1033 2692 1124 2740 others
1166 2693 1328 2758 rescinding

273 2779 289 2813 a
317 2764 367 2813 law
400 2764 429 2813 of
461 2764 508 2812 the
541 2763 648 2813 consuls
681 2765 710 2813 of
742 2765 782 2826 98,
807 2763 929 2813 Caesar’s
947 2772 1012 2827 acts,
1028 2767 1117 2816 where
1134 2767 1177 2816 his
1193 2765 1253 2817 best
1271 2768 1327 2819 law

272 2840 416 2903 providing
435 2841 495 2888 that
517 2854 596 2902 every
619 2841 665 2889 bill
686 2841 782 2890 should
807 2841 829 2890 is
841 2842 942 2891 evaded
955 2843 990 2905 by
1002 2843 1045 2891 his
1058 2843 1255 2893 father-in-law
1267 2847 1326 2896 and

272 2917 305 2966 be
317 2916 412 2979 posted
424 2916 468 2965 for
478 2915 568 2978 public
581 2917 732 2978 inspectior
742 2918 784 2967 ior
807 2917 861 2965 this
880 2917 935 2965 tool
948 2918 977 2966 of
994 2917 1066 2966 hisI'
1114 2930 1232 2976 socero,
1245 2920 1326 2983 Piso,

271 2993 319 3042 the
341 3006 421 3054 space
443 2991 473 3041 of
496 2993 572 3041 three
595 2995 701 3043 market
718 2995 783 3057 days
806 2991 848 3039 for
857 2993 948 3042 whose
960 2994 1110 3042 extortions
1120 2994 1148 3042 in
1159 2994 1329 3047 Macedonia

274 3069 314 3130 (at
325 3069 393 3119 least
405 3069 520 3131 lidays)
536 3070 627 3119 before
636 3071 784 3133 beingpro-
806 3081 849 3116 sec
876 3067 889 3124 t
913 3068 951 3117 94.
978 3069 1064 3118 15-24.
1111 3069 1163 3119 His
1186 3070 1330 3134 daughter

272 3142 396 3205 posedto
413 3142 460 3192 the
479 3144 597 3193 comitia.
633 3144 783 3192 Liciniam
806 3141 954 3204 Calpurnia
966 3157 1020 3192 was
1039 3143 1161 3194 Caesar's
1180 3144 1234 3195 last
1246 3146 1326 3209 wife,

271 3219 399 3276 Iuniam,
416 3233 432 3268 a
452 3219 503 3268 law
519 3221 548 3270 of
566 3221 612 3288 the
629 3221 737 3271 consuls
754 3222 784 3271 of
805 3216 921 3267 married
933 3219 962 3266 in
974 3219 1013 3268 59.

271 3297 302 3345 62
314 3295 470 3360 forbidding
488 3310 542 3358 any
557 3297 609 3346 law
628 3303 657 3346 to
676 3297 710 3347 be
722 3298 782 3347 filed

272 3372 300 3421 in
312 3373 359 3421 the
372 3378 494 3435 treasury
507 3372 563 3435 (see
581 3388 617 3422 on
636 3375 658 3424 Ι.
680 3373 707 3421 4.
730 3373 780 3436 12),
836 3368 862 3428 6,
872 3370 898 3418 7.
914 3371 983 3429 ista,
993 3370 1069 3422 ‘that
1078 3374 1167 3424 which
1174 3376 1329 3437 youspeak

271 3452 367 3509 except
390 3447 418 3496 in
442 3448 488 3497 the
511 3462 638 3511 presence
668 3447 699 3499 oi
726 3450 782 3498 wit
805 3447 861 3497 of:'
881 3448 924 3498 for
938 3449 1039 3511 gender
1058 3450 1093 3500 cf.
1113 3465 1146 3500 ea
1162 3452 1249 3501 above
1267 3454 1328 3503 and

271 3535 369 3571 nesses.
411 3534 468 3571 sna
495 3522 570 3585 lege,
599 3523 688 3573 thch
716 3537 783 3585 gave
805 3523 870 3574 Sull.
895 3524 943 3572 89.
965 3525 1010 3588 483
1038 3526 1076 3576 ΙΙ.
1095 3526 1141 3575 23.
1164 3527 1203 3578 31.
1239 3531 1329 3577 atru-

271 3598 341 3648 Gaul
353 3604 382 3649 to
394 3598 506 3650 Caesar:
523 3615 566 3649 see
578 3615 613 3650 on
626 3600 643 3650 l.
657 3601 681 3650 4.
805 3613 899 3648 mam:
916 3615 960 3652 see
971 3617 1007 3652 on
1013 3603 1251 3666 paletenmet
1265 3605 1327 3656 134.

302 3675 404 3724 49-51.
423 3676 689 3738 Caesarialegcm:
707 3677 783 3727 alaw
806 3677 844 3727 28.

270 3752 365 3812 passed
390 3751 417 3798 in
446 3751 568 3801 Caesar’s
592 3752 649 3800 first
677 3754 782 3802 consul·
838 3754 918 3814 5136.
942 3754 988 3802 12.
1011 3755 1148 3808 nobiles:
1166 3769 1210 3808 see
1229 3769 1258 3822 p.
1281 3757 1330 3819 55,

271 3823 333 3894 shlp
351 3824 413 3890 (59),
439 3826 589 3895 punishing
610 3829 782 3896 magistrates
805 3829 835 3893 ἐξ
848 3831 887 3891 12,
901 3830 940 3884 13.
