2838 4380
347 345 401 400 ur.
425 342 531 412 xxii,
557 345 570 412 ς
593 345 621 412 5;
649 317 771 412 trun,
796 345 809 412 ς
833 343 887 401 1e.
1123 325 1187 404 423

89 547 150 594 nec
174 527 345 592 fortiorem
370 550 430 593 nec
457 528 708 613 prudentiorem
732 550 834 614 quam
860 551 912 594 me
936 528 1057 614 ipsum,
1075 551 1136 595 nec
1174 547 1188 591 n

89 633 189 697 etiam
206 655 265 718 pro
281 634 460 722 praeterita
484 655 558 698 mea
579 635 614 696 in
638 642 671 698 te
697 626 909 698 observantia
936 633 1077 698 nimium
1100 636 1135 716 in

90 736 241 801 custodia
270 737 388 800 salutis
417 757 508 802 meae
540 736 747 823 diligentem,
771 736 981 821 eundemque
1006 745 1050 815 te,
1074 740 1133 823 qui

73 841 204 924 eprimis
220 839 424 925 temporibus
441 842 560 905 erroris
577 843 683 906 nostri
700 849 760 906 aut
771 842 883 926 potius
899 841 1022 906 furoris
1038 844 1136 927 parti-

90 929 166 1028 ceps
182 951 217 1008 et
228 943 304 1009 falsi
319 945 448 1009 timoris
464 945 574 1009 socius
587 944 718 1022 fuisses,
732 945 941 1011 acerbissime
959 945 1136 1010 discidium

89 1041 241 1112 nostrum
258 1049 374 1113 tulisse
391 1049 642 1134 plurimumque
659 1071 788 1134 operae,
801 1049 916 1126 studii,
931 1049 1136 1137 diligentiae,
1161 1067 1189 1112 10

89 1150 210 1216 laboris
239 1152 281 1216 ad
312 1152 555 1218 conficiendum
592 1153 739 1219 reditum
778 1176 890 1220 meum
929 1155 1133 1221 contulisse:

90 1256 202 1340 itaque
215 1257 278 1321 hoc
294 1256 355 1321 tibi
371 1279 448 1322 vere
465 1257 602 1336 affirma,
620 1259 653 1322 iu
671 1260 817 1323 maxima
832 1260 961 1324 laetitia
977 1267 1012 1324 et
1035 1281 1133 1345 exon
1154 1264 1174 1325 2

90 1369 252 1433 tatissima
267 1369 491 1455 gratulatione
515 1391 621 1433 uuum
645 1370 687 1434 ad
711 1371 954 1435 cumulandum
973 1371 1135 1458 gaudium

89 1480 305 1557 conspectum
316 1481 376 1537 aut
391 1475 504 1558 potius
520 1475 734 1558 complexum
751 1475 832 1538 mihi
849 1483 947 1540 tuum
964 1473 1112 1540 defuisse
1124 1489 1137 1550 ;’

89 1579 189 1660 quem
215 1577 317 1642 semel
341 1585 459 1642 nactus
485 1599 668 1662 numquam
696 1578 853 1644 dimisero
881 1599 929 1653 ac,
946 1579 1011 1656 nisi
1036 1580 1136 1642 etiam
1161 1594 1189 1640 u

88 1683 336 1764 praetermissos
352 1679 484 1745 fructus
501 1689 578 1746 tuae
595 1683 773 1748 suavitatis
789 1684 960 1767 praeteriti
978 1683 1136 1767 temporis

88 1806 203 1849 omnes
230 1806 381 1870 exegero,
398 1784 548 1870 profecto
575 1785 636 1850 hac
665 1787 877 1851 restitutione
905 1785 1060 1851 fortunae
1084 1808 1136 1851 me

87 1889 157 1973 ipse
175 1890 338 1954 nonsatis
356 1889 496 1974 dignum
521 1888 684 1955 iudicabo.
732 1891 800 1955 Nos
825 1891 946 1966 adhuc,
963 1892 997 1954 in
1022 1898 1135 1955 nostro
1157 1893 1177 1956 8

87 2000 181 2057 statu
196 1993 288 2078 quod
304 1992 498 2058 difficillime
515 1996 706 2079 recuperari
722 2017 818 2080 posse
834 1994 985 2060 arbitrati
1007 2016 1132 2071 sumus,

87 2096 297 2182 splendorem
314 2105 466 2162 nostrum
483 2098 579 2161 illum
596 2098 763 2163 forensem
779 2100 864 2164 etin
883 2107 1003 2163 senatu
1026 2107 1138 2163 aucto-
1160 2115 1190 2160 ao

87 2203 221 2268 ritatem
237 2209 272 2267 et
287 2202 377 2287 apud
393 2203 482 2267 viros
498 2201 602 2268 bonos
624 2205 765 2289 gratiam
788 2205 905 2289 magis,
922 2225 1023 2287 quam
1047 2212 1137 2288 opta·
1174 2199 1178 2230 ³

87 2323 209 2384 ramus,
233 2308 405 2372 consecuti
435 2329 575 2382 sumus3
600 2308 634 2370 in
663 2330 697 2372 re
722 2315 835 2373 autem
858 2307 1025 2382 familiari,
1050 2329 1135 2392 quae

88 2410 370 2497 quemadmodum
382 2411 499 2487 fracta,
510 2410 681 2496 dissipata,
692 2412 823 2496 direpta
839 2413 973 2487 sitnon
989 2413 1132 2497 ignoras,

87 2515 184 2580 valde
209 2515 395 2580 laboramus
421 2524 623 2600 tuarumque
646 2538 713 2580 non
738 2524 807 2580 tam
824 2515 1034 2592 facultatum,
1052 2538 1135 2601 quas

86 2640 150 2705 ego
162 2627 291 2684 nostras
305 2641 376 2684 esse
393 2619 515 2695 iudicO,
527 2640 628 2704 quam
641 2621 858 2684 consiliorum
874 2619 917 2683 ad
933 2619 1137 2706 colligendas
1160 2637 1189 2684 aa

118 2798 144 2849 ⁵.
164 2812 213 2849 me
224 2799 341 2861 ipsum:
353 2800 426 2850 what
437 2813 498 2850 ease
511 2799 600 2849 would
623 2801 653 2849 oi
685 2801 823 2851 nactust*
848 2812 1015 2861 numquam
1052 2800 1140 2848 dimi-

85 2877 118 2926 be
135 2890 210 2926 more
226 2875 351 2926 correct?
390 2877 440 2927 See
457 2891 493 2926 ou
510 2876 560 2938 Ep.
576 2876 597 2926 Ι.
622 2888 709 2925 sero:
726 2878 770 2926 ior
781 2876 828 2926 the
838 2877 1027 2938 exaggeration
1038 2876 1072 2925 cf.
1087 2877 1136 2938 Ep.

85 2951 111 2999 3.
124 2952 162 3004 27.
624 2953 676 3003 111.
696 2953 721 3000 4.
739 2953 841 3014 53;1οι·
859 2959 934 3002 tense
953 2953 1002 3014 Ep.
1019 2953 1098 3001 XIX.
1112 2952 1138 3001 1.

118 3030 167 3091 52.
186 3028 288 3078 13-16.
306 3028 521 3090 gratulatione,
541 3026 600 3078 ‘ex-
624 3031 662 3079 11.
705 3029 874 3078 suavitatis
897 3065 949 3077 ...
973 3028 1138 3089 temporis:

85 3106 221 3165 ultation,’
245 3105 344 3155 almost
361 3105 408 3154 the
426 3119 499 3154 same
522 3103 602 3167 thing
623 3106 827 3156 forthedouble
839 3119 898 3168 gen.
908 3105 1002 3167 cido.
1017 3104 1051 3155 V.
1062 3105 1086 3153 2.
1099 3106 1136 3155 12.

85 3197 115 3232 as
138 3182 256 3242 laetitia,
284 3183 340 3242 i.e.,
371 3182 418 3230 the
446 3179 547 3244 feeling
572 3182 601 3230 of
654 3182 759 3239 1218.
777 3182 992 3231 restitutione:
1016 3181 1058 3229 for
1078 3195 1139 3230 case

86 3257 180 3308 Cicero
191 3258 311 3320 himself,
325 3264 373 3308 not
385 3259 432 3307 the
443 3257 600 3321 expression
623 3259 658 3309 cf.
668 3259 739 3319 odio,
749 3257 893 3319 supplicio,
904 3256 1059 3308 111.22.17.
1090 3269 1139 3306 me

85 3336 115 3384 ot
137 3335 208 3384 their
225 3334 341 3398 feelings
360 3337 463 3385 toward
486 3337 544 3384 him
567 3336 602 3397 by
623 3336 705 3396 ipse:
727 3340 864 3384 comment
884 3348 957 3397 upon
978 3334 1050 3382 their
1069 3333 1140 3395 post-

85 3413 186 3462 others·
221 3411 321 3462 Which
333 3413 361 3460 in
379 3410 455 3462 Caes.
469 3411 602 3462 151161
624 3412 690 3460 tion.
727 3411 780 3461 For
796 3425 858 3460 case
877 3411 906 3459 of
923 3413 981 3472 ipse
999 3424 1043 3459 see
1061 3423 1097 3458 ou
1116 3409 1137 3458 1.

86 3490 300 3549 conspectum,
320 3487 402 3550 ‘your
417 3488 497 3550 face,’
519 3487 603 3550 ‘your
624 3487 669 3536 19.
681 3489 704 3538 3.

87 3563 206 3628 (joyous)
217 3563 321 3613 looksz’
333 3565 368 3614 ci.
383 3564 448 3615 Sull.
459 3564 537 3626 aar,
548 3565 602 3614 and
657 3565 706 3625 §3.
726 3563 830 3612 19-24.
850 3563 950 3624 quod:
973 3562 1016 3611 for
1039 3562 1141 3624 gender

85 3645 213 3704 aspectus
241 3640 292 3691 IV.
322 3640 367 3690 11.
399 3643 437 3691 16.
496 3653 601 3702 quem:
625 3655 714 3689 seeon
726 3640 776 3702 Ep.
792 3639 907 3689 xvia.
921 3640 975 3688 116.
1009 3635 1141 3686 faculta-

85 3720 175 3769 where
187 3719 209 3767 is
222 3718 257 3766 its
268 3719 453 3768 antecedent?
482 3718 524 3767 cf.
534 3717 600 3767 Sull.
624 3720 705 3765 tum:
724 3717 767 3766 ior
778 3716 907 3778 meaning
918 3716 953 3764 cf.
966 3714 1041 3764 Caes.
1057 3714 1078 3763 1.
1093 3713 1139 3766 18.

86 3794 131 3852 ⁷9,
142 3796 187 3857 263
198 3794 221 3844 Ι.
233 3794 259 3842 7.
267 3795 305 3842 22.
341 3791 438 3843 semel
450 3796 562 3842 nactus
575 3815 600 3842 =
624 3794 652 3853 43
663 3793 706 3841 ior
717 3805 777 3841 case
789 3793 823 3840 A.
838 3791 898 3852 2233
916 3789 949 3840 G.
962 3789 1011 3840 389
1023 3791 1098 3840 Rem.
1112 3791 1141 3852 2;

67 3909 71 3916 .
84 3870 329 3922 rabiaernelncctus
338 3884 397 3921 ero:
413 3871 518 3934 princp.
528 3875 603 3931 parts
625 3868 661 3918 H.
674 3868 723 3917 410
733 3867 779 3930 V.,
793 3868 821 3930 13
839 3863 872 3917 B.
885 3863 960 3915 2121
973 3877 998 3915 α.
1141 3873 1144 3884 ’
