2876 4378
466 147 481 180 ‘e

462 303 541 354 cnr.
563 303 653 364 aare,
678 304 692 366 s
714 303 801 356 ‹rs-ee
1134 289 1197 354 593

98 476 212 541 nescio
242 475 301 560 qui
332 473 373 539 de
404 475 493 539 circo
516 474 671 550 maximo,
696 495 809 539 servos
834 474 973 540 Milonis
996 474 1087 559 apud
1108 497 1143 540 se

98 578 206 644 ebrios
244 578 350 644 factos
388 576 451 642 sibi
494 575 665 646 confessos
715 599 785 644 esse
830 577 870 642 de
915 577 1146 644 interficiendo
1169 593 1198 638 20

98 683 259 768 Pompeio
282 683 482 758 coniurasse,
509 681 587 746 dein
612 691 728 767 postea
750 704 785 747 se
808 681 922 768 gladio
949 704 1144 767 percussum

97 808 169 852 esse
193 786 235 850 ab
257 807 325 850 uno
349 785 390 850 de
413 771 550 861 liliano
575 785 749 851 indicaret.
796 786 956 871 Pompeio
979 787 1013 849 in
1030 786 1144 852 hortos

98 891 289 966 nuntiavit3
317 911 465 954 arcessor
486 891 521 953 in
545 890 681 974 primis;
704 889 745 954 de
769 891 951 954 amicorum
975 891 1144 956 sententia

97 1015 168 1060 rem
199 992 309 1059 defert
339 993 382 1058 ad
412 1000 577 1058 senatum.
624 993 700 1057 Non
729 1002 880 1078 poteram
903 995 938 1057 in
962 993 1054 1058 illius
1079 995 1142 1058 mei

96 1099 291 1184 patriaeque
330 1097 497 1163 custodis.
514 1105 609 1163 tanta
646 1099 837 1182 suspicione
870 1118 936 1162 non
968 1106 1060 1162 metu
1091 1121 1145 1163 ex·
1167 1115 1205 1160 25-

47 1241 49 1246 ,
97 1203 246 1278 animari,
270 1201 326 1268 sed
353 1201 495 1282 mirabar
511 1209 622 1268 tamen
644 1201 733 1267 credi
758 1224 873 1287 popae,
898 1201 1143 1267 confessionem

97 1328 271 1372 servorum
293 1305 412 1383 audiri,
430 1307 555 1372 vulnus
580 1306 615 1369 in
639 1307 753 1383 latere,
779 1305 870 1391 quod
893 1327 954 1370 acu
979 1315 1144 1390 punctum

99 1410 280 1487 videretur,
311 1432 371 1495 pro
408 1411 479 1474 ictu
518 1408 715 1496 gladiatoris
746 1409 886 1495 probari.
934 1409 1072 1486 Verum,
1105 1418 1145 1474 ut
1157 1413 1196 1477 66

98 1514 269 1600 intellege,
292 1513 432 1579 cavebat
454 1515 560 1600 magis
584 1513 765 1598 Pompeius
790 1535 890 1598 quam
914 1513 1054 1578 timebat
1076 1535 1143 1578 non

98 1640 137 1685 ca
167 1618 285 1693 solum,
321 1638 406 1702 quae
445 1617 593 1682 timenda
628 1625 734 1694 erant,
766 1617 824 1682 sed
860 1619 980 1695 omnia,
1012 1640 1053 1684 na
1085 1639 1145 1684 vos
1168 1634 1198 1680 ao

97 1721 227 1807 aliquid
265 1723 437 1786 timeretis.
503 1721 708 1808 Oppugnata
747 1721 864 1786 domus
904 1720 942 1785 Ο.
982 1721 1143 1799 Caesarie,

98 1827 270 1893 clarissimi
301 1834 335 1892 et
365 1825 539 1892 fortissimi
572 1827 645 1903 viri,
673 1847 733 1911 per
759 1826 882 1890 multas
908 1827 1016 1892 noctis
1046 1825 1143 1891 horas

97 1930 326 1996 nuntiabatur.
373 1930 480 1996 Nemo
511 1930 663 1996 audierat
690 1938 759 1995 tam
787 1930 908 1996 celebri
936 1930 1019 2007 loco,
1046 1951 1145 1996 namo

97 2043 266 2111 senserat3
293 2043 404 2100 tamen
433 2034 640 2100 audiebatur.
688 2033 764 2098 Non
788 2042 937 2120 poteram
962 2034 1025 2099 Cn.
1049 2034 1145 2100 Pom·

98 2144 221 2229 poium,
261 2141 544 2228 praestantissima
580 2140 707 2206 virtute
746 2142 866 2217 virum,
900 2141 1056 2206 timidum
1094 2162 1147 2206 su·
1168 2157 1197 2202 ae

97 2249 237 2332 spicari3
270 2247 481 2333 diligentiam
507 2253 579 2310 tota
594 2267 639 2314 ¹re
668 2245 802 2330 publica
828 2254 985 2332 suscepta
1011 2247 1147 2310 nimiam

98 2352 226 2415 nuliam
256 2351 425 2436 putabam.
487 2349 775 2434 Frequentissimo
811 2358 933 2415 senatu
971 2371 1079 2435 nuper
1108 2351 1144 2414 in

99 2455 266 2541 Capitolio
290 2463 427 2520 senator
442 2455 602 2520 inventus
627 2460 688 2529 est,
705 2455 765 2538 qui
790 2453 952 2520 Milonem
976 2475 1053 2518 oum
1074 2454 1142 2520 telo

97 2680 179 2730 killed
201 2681 249 2730 the
271 2680 385 2730 animais
413 2680 455 2730 ior
480 2679 607 2740 sacrifice,
633 2679 709 2740 peius
732 2679 785 2728 had
809 2679 878 2729 lived
907 2680 934 2728 in
958 2679 1000 2727 iris
1022 2678 1144 2741 gardens,

97 2756 151 2806 and
165 2757 222 2806 niso
237 2757 303 2819 kept
319 2771 335 2806 a
349 2758 455 2817 popina
469 2756 515 2818 (ci.
530 2756 567 2805 ΙΙ.
581 2755 607 2803 4.
634 2757 799 2806 surrounded
816 2757 852 2818 by
864 2756 983 2816 soidiers,
998 2756 1026 2804 in
1045 2755 1099 2804 real
1116 2770 1147 2806 or

97 2832 149 2894 25),
162 2832 247 2882 hence
259 2834 362 2894 opndae
375 2835 470 2893 ebrios,
484 2832 501 2882 l.
516 2833 555 2882 19.
633 2833 779 2896 pretended
798 2834 856 2882 iear
872 2833 900 2882 of
923 2833 997 2882 Milo.
1032 2831 1146 2881 amico·

129 2907 174 2957 19.
191 2909 374 2970 nescioqui:
387 2909 422 2959 ci.
434 2909 501 2960 Sesi.
512 2907 558 2957 68.
568 2909 606 2958 21.
633 2921 700 2957 rum
712 2909 875 2966 sententia,
890 2910 939 2972 ‘by
951 2909 998 2958 tire
1014 2908 1106 2957 advice
1117 2908 1147 2958 of

97 2985 137 3035 de
154 2985 240 3034 circo
257 2986 400 3042 maximo,
411 2987 459 3036 the
476 2985 551 3048 piace
567 2985 610 3034 for
633 2985 676 3034 his
688 2986 816 3035 friendsz’
838 2999 928 3035 aeeon
948 2985 1069 3040 coneilio,
1081 2984 1146 3034 Suli.

97 3049 143 3111 the
154 3071 228 3126 great
240 3076 330 3125 gemes
342 3063 462 3112 between
475 3063 521 3110 tire
532 3061 609 3110 Paia-
633 3061 678 3110 1³.
690 3062 729 3114 27.
766 3061 882 3111 defert:
899 3062 943 3110 for
959 3061 1087 3123 meaning
1103 3074 1147 3110 see

96 3140 218 3189 tincand
234 3139 454 3188 Aventineiiiils.
490 3139 549 3188 'iiie
561 3139 608 3188 cir·
633 3153 669 3188 on
680 3140 730 3201 Ep.
745 3138 798 3188 ΙΙΙ.
813 3138 838 3186 5.
855 3139 893 3188 69.
929 3137 1017 3189 credi
1032 3149 1146 3198 popae:

96 3231 143 3266 eus
155 3230 221 3278 gave
238 3217 274 3265 its
292 3229 371 3264 name
385 3221 414 3264 to
432 3216 478 3264 the
493 3215 607 3265 district.
633 3216 676 3265 ior
686 3229 746 3264 case
758 3227 801 3264 see
813 3228 848 3263 on
862 3214 883 3264 Ι.
897 3214 923 3263 6.
935 3216 958 3265 5.

96 3293 149 3342 For
166 3293 214 3342 the
233 3293 330 3354 phrase
348 3290 440 3354 J‘oined
457 3290 568 3353 directly
579 3297 609 3340 to
664 3291 728 3349 §ou
753 3289 854 3339 31-39.
879 3290 1008 3340 domun.
1026 3327 1031 3337 .
1049 3326 1055 3337 .
1072 3302 1147 3338 nun·

96 3370 144 3418 the
168 3382 243 3416 noun
268 3367 304 3416 cf.
325 3368 393 3417 Sest.
419 3366 465 3415 91.
489 3368 532 3426 18;
557 3368 607 3419 IV.
632 3368 782 3416 tiabatur:
807 3368 850 3417 ior
869 3372 951 3417 trans.
976 3368 1011 3416 cf.
1031 3368 1045 3429 §
1063 3367 1102 3416 64.
1121 3367 1144 3418 7.

95 3445 122 3496 9.
133 3446 156 3494 3.
633 3445 914 3503 Caesar'sirouseitiie
922 3445 1008 3504 recia,
1018 3457 1062 3492 see
1069 3458 1094 3505 p.
1104 3441 1145 3502 71,

128 3521 229 3570 21-26.
248 3521 443 3570 coniurasse:
461 3534 497 3569 sc.
513 3534 540 3568 se
551 3534 560 3581 ‚·
572 3521 605 3570 ei.
633 3522 704 3582 582)
724 3535 779 3569 was
797 3521 824 3568 in
844 3521 890 3568 iiie
913 3520 1014 3568 busiest
1036 3524 1096 3580 part
1118 3519 1147 3567 oi

96 3598 160 3655 1152.
185 3598 224 3646 34.
264 3597 297 3644 in
319 3596 436 3654 hortos,
460 3609 608 3646 aecommo
633 3597 726 3656 Rome,
756 3610 792 3645 on
821 3597 868 3645 the
902 3598 947 3645 vta
974 3609 1074 3645 sacra:
1103 3609 1146 3644 see

96 3674 175 3722 dated
199 3678 227 3722 io
249 3673 296 3722 the
319 3673 380 3722 idea
402 3672 431 3720 of
452 3672 556 3720 motion
580 3673 606 3721 in
632 3673 701 3722 Plan
713 3673 746 3721 A.
782 3671 973 3727 audiebatur,
994 3672 1055 3720 ‘the
1073 3676 1146 3732 story

96 3751 243 3811 enuntiavit,
276 3749 412 3812 ‘brought
441 3749 488 3796 the
516 3749 606 3810 story)
633 3763 688 3799 was
716 3749 830 3798 listened
861 3748 907 3797 to!
954 3749 1088 3804 senator,
1114 3747 1143 3795 P.

96 3828 175 3881 itinee
188 3827 234 3882 the
246 3826 353 3882 murder
360 3825 389 3881 oi
402 3824 521 3887 Clodius,
531 3825 609 3880 Pom·
635 3825 793 3880 Comficius.
834 3836 907 3873 cum
924 3823 990 3874 telo
1008 3833 1085 3884 osse,
1098 3823 1146 3876 the
