2954 4374
261 301 322 367 190
568 315 640 364 rso
663 315 693 364 n.
716 315 876 374 nunnus
898 313 1046 364 osarro.

310 494 376 563 tus,
392 492 428 550 et
451 483 544 570 quod
569 485 720 550 homines
737 487 802 549 iam
828 493 901 550 tum
923 487 1114 552 coniuratos
1136 508 1213 552 cum
1237 487 1360 574 gladiis

309 591 345 654 in
379 610 534 674 eampum
568 587 688 654 deduci
719 611 739 652 a
769 589 916 653 Catilina
946 590 1101 666 sciebam,
1133 589 1293 674 descendi
1322 594 1359 656 in

310 713 465 777 campum
489 711 567 756 cum
591 691 779 756 firmissimo
806 691 970 776 praesidio
993 690 1253 757 fortissimorum
1275 694 1361 759 viro

271 815 287 859 o
309 819 384 861 rum
410 804 446 862 et
473 817 550 861 cum
574 795 634 860 illa
660 795 729 859 lata
751 796 943 882 insignique
967 796 1080 874 lorica,
1103 818 1171 861 non
1195 818 1281 882 quae
1305 821 1358 864 me

310 909 438 989 tegeret
455 901 600 986 (etenim
623 899 767 964 sciebam
791 899 972 965 Catilinam
995 922 1062 965 non
1086 901 1174 966 latus
1198 909 1259 967 aut
1281 909 1360 969 ven·

309 1015 403 1082 trem,
426 1005 487 1070 sed
517 1011 676 1090 caputet
703 1005 828 1068 collum
859 1005 965 1070 solere
996 1006 1142 1090 petere),
1170 1027 1287 1071 verum
1317 1015 1359 1073 ut

308 1131 423 1174 omnes
447 1110 524 1182 boni
546 1107 853 1174 animadverterent
868 1116 912 1185 et,
939 1130 1017 1173 cum
1040 1109 1075 1172 in
1098 1116 1192 1176 metu
1215 1117 1250 1176 ct
1272 1111 1358 1196 peri·

308 1214 384 1279 culo
407 1210 580 1278 consulem
604 1211 767 1289 viderent,
789 1211 824 1276 id
847 1212 939 1298 quod
962 1219 1014 1278 est
1038 1213 1177 1290 iactum,
1193 1213 1237 1278 ad
1259 1237 1358 1300 opem

258 1333 287 1380 10
309 1317 580 1403 praesidiumque
610 1324 859 1381 concurrerent.
913 1316 1046 1401 Itaque,
1072 1339 1149 1382 cum
1173 1325 1217 1395 te,
1249 1317 1356 1397 Servi,

306 1423 526 1488 remissiorem
549 1422 584 1485 in
609 1419 754 1506 petendo
778 1427 947 1505 putarent,
972 1420 1152 1486 Catilinam
1175 1430 1210 1486 et
1231 1444 1289 1507 spe
1320 1431 1358 1488 et

307 1527 490 1613 cupiditate
518 1525 763 1590 inflammatum
789 1525 951 1602 viderent,
969 1548 1094 1604 omnes,
1111 1527 1170 1612 qui
1196 1527 1289 1592 illam
1313 1528 1355 1593 ab

306 1656 340 1698 re
365 1633 500 1719 publica
517 1639 645 1716 pestem
667 1627 835 1715 depellere
860 1630 1049 1715 cupiebant,
1066 1630 1109 1695 ad
1125 1631 1304 1697 Murenam
1319 1655 1355 1698 se

255 1739 421 1805 aestatim
437 1737 666 1801 contuleruut.
714 1735 839 1822 Magna
861 1742 914 1799 est
934 1743 1047 1800 autem
1070 1736 1214 1800 comitiis
1237 1758 1357 1802 consu·

257 1857 285 1901 ιδ
307 1841 431 1905 laribus
476 1841 652 1924 repentina
687 1841 902 1904 voluntatum
941 1840 1123 1916 inclinatio,
1160 1842 1356 1926 praesertim

306 1965 383 2009 cum
408 1943 566 2008 incubuit
592 1942 635 2007 ad
663 1945 774 2008 virum
806 1944 930 2008 bonum
961 1950 997 2008 et
1025 1944 1141 2009 multis
1165 1945 1240 2009 aliis
1264 1945 1356 2010 adiu-

306 2049 427 2114 mentis
468 2049 641 2133 petitionis
681 2057 846 2113 ornatum.
893 2047 962 2126 Qui
1003 2069 1081 2112 cum
1118 2047 1355 2115 honestissimo

306 2161 399 2239 patre
445 2160 548 2237 atque
599 2153 789 2230 maioribUS,
834 2152 1077 2218 modestissima
1116 2152 1355 2233 adulescentia,

305 2258 488 2323 clarissima
519 2257 696 2343 legatione,
724 2264 879 2340 praetura
910 2256 1047 2341 probata
1077 2258 1112 2321 in
1143 2258 1226 2335 iure,
1258 2267 1355 2346 grata

252 2378 282 2424 ao
303 2363 339 2426 in
365 2383 513 2438 munere,
538 2368 654 2425 ornata
677 2362 711 2423 in
740 2362 911 2445 provincia
941 2363 1081 2446 petisset
1103 2360 1294 2450 diligenter,
1320 2373 1357 2428 et

303 2467 352 2531 ita
375 2466 525 2550 petisset,
542 2473 581 2529 ut
605 2486 714 2549 neque
740 2467 880 2530 minanti
905 2465 1040 2531 cederet
1063 2488 1172 2552 neque
1196 2468 1355 2552 cuiquam

302 2571 496 2646 minaretur,
514 2569 590 2632 huic
607 2568 795 2632 mirandum
810 2577 862 2633 est
885 2591 1016 2655 magno.
1030 2570 1224 2635 adiumento
1240 2570 1356 2635 Catili-

304 2696 364 2738 nae
382 2672 527 2738 subitam
543 2694 637 2757 spem
653 2673 847 2737 consulatus
864 2672 1070 2758 adipiscendi
1087 2673 1216 2739 fuisse?

252 2781 292 2846 54
347 2777 377 2840 N
383 2798 447 2842 unc
472 2776 553 2840 mihi
584 2777 705 2841 tertius
730 2777 786 2841 ille
813 2778 906 2842 locus
935 2785 986 2842 est
1013 2778 1165 2863 reliquus
1192 2779 1353 2844 orationis

250 2897 280 2943 ao
302 2882 343 2947 de
372 2881 518 2946 ambitus
546 2880 740 2945 criminibus
766 2889 992 2968 perpurgatus
1024 2882 1066 2946 ab
1091 2882 1153 2959 his,
1182 2884 1241 2968 qui
1275 2891 1353 2948 ante

333 3087 816 3151 §52.2,³.1amtumooniura-
869 3088 934 3149 §53-
953 3088 999 3136 14.
1016 3088 1131 3152 Magna
1159 3093 1209 3139 eat
1233 3088 1273 3153 (=
1287 3089 1356 3140 mul-

300 3169 361 3216 tos.
392 3166 417 3214 lt
427 3164 449 3214 is
459 3164 569 3214 evideut
579 3164 649 3215 from
660 3164 716 3214 this
725 3165 815 3214 clause
838 3167 895 3214 tum
906 3164 999 3224 uolet),
1014 3167 1020 3186 ⁸
1030 3165 1079 3214 has
1090 3171 1166 3228 great
1177 3165 1270 3215 force)

300 3243 361 3292 that
373 3241 493 3291 Catilina
503 3240 549 3291 did
561 3246 611 3291 not
622 3241 692 3290 have
701 3241 744 3290 his
754 3255 816 3291 con·
868 3238 914 3287 16.
931 3239 1009 3300 eliis,
1021 3240 1076 3301 i.e.‚
1086 3241 1155 3290 than'
1164 3240 1246 3306 being
1256 3255 1272 3289 a
1284 3241 1353 3303 good

300 3317 404 3380 spiracy
414 3316 517 3366 formed
529 3316 600 3366 until
613 3317 685 3366 after
694 3317 740 3365 tire
750 3317 817 3366 elec·
838 3329 914 3377 ruam
926 3316 990 3376 they
1000 3329 1046 3365 are
1055 3315 1149 3378 briefly
1157 3317 1354 3380 recapitulated

300 3393 357 3443 tion
370 3392 400 3440 oi
416 3392 447 3440 63
460 3390 498 3453 (p.
513 3391 552 3450 28,
567 3391 646 3453 544).
672 3403 817 3452 campum
838 3391 865 3440 in
878 3390 906 3440 ll.
921 3390 1007 3442 17-22.

303 3492 329 3518 =
344 3484 366 3518 c.
380 3468 514 3518 Martium
527 3468 615 3517 where
627 3468 674 3518 the
692 3466 817 3517 consular
868 3463 969 3513 21-23.
986 3463 1132 3513 minanti:
1155 3479 1192 3514 sc.
1219 3465 1352 3528 Sulpicio,

300 3545 429 3596 electione
443 3558 512 3594 were
524 3544 596 3594 held.
838 3542 927 3591 whose
955 3541 1060 3590 threats
1091 3542 1121 3591 of
1152 3542 1355 3604 irnpeaehrnent

331 3621 359 3680 8,
372 3621 399 3670 9.
415 3620 506 3670 boni:
524 3635 568 3671 see
585 3635 621 3672 on
640 3621 661 3670 1.
680 3621 706 3669 1.
724 3622 747 3669 5.
782 3620 816 3669 id
838 3617 890 3665 had
904 3622 951 3665 not
963 3616 1085 3666 deterred
1099 3617 1215 3668 Murena
1226 3618 1297 3669 from
1310 3618 1354 3668 his

300 3697 386 3759 quod
403 3700 453 3746 ast
468 3696 589 3746 factum
600 3711 663 3758 goes
676 3697 742 3746 with
756 3711 817 3746 con-
836 3706 958 3744 carrucas.
1005 3693 1152 3754 cuiquam
1174 3694 1353 3751 minaretur,

300 3775 461 3822 currerent:
479 3772 523 3821 for
540 3785 600 3822 casa
617 3772 647 3820 oi
663 3771 759 3828 ldsee
780 3785 814 3819 ou
837 3784 866 3818 as
893 3771 1029 3832 Sulpicius
1058 3771 1111 3820 had
1139 3770 1192 3820 lost
1215 3778 1290 3822 votes
1318 3772 1353 3834 by

300 3846 338 3907 11.
352 3847 398 3906 10.
410 3849 450 3906 26.
836 3847 926 3918 doing.
972 3846 1045 3904 huie
1066 3847 1245 3915 .ί..ωηο,
1270 3848 1308 3906 ‘ia
1331 3849 1354 3908 it
