2870 4376
404 283 484 336 car.
508 287 597 350 aaa,
622 287 635 348 s
658 283 746 340 u-rc.
1105 273 1169 341 495

62 478 130 522 me.
164 473 282 520 xxxv.
313 456 400 522 Cum
434 459 524 522 omui
558 481 657 535 mora,
686 459 925 534 ludificatione,
943 460 1110 526 calumnia
1132 464 1169 526 ⁷5

61 567 204 625 senatus
221 561 402 626 auctoritas
420 562 647 646 impediretur,
660 564 755 628 venit
771 562 906 628 taudem
920 565 954 627 iu
971 565 1113 630 concilio

63 663 106 729 de
125 687 178 729 me
195 664 317 750 agendi
333 665 414 740 dies,
432 683 502 730 viu
519 667 593 730 Kal.
608 666 704 731 Febr.
743 666 905 751 Princeps
922 668 1115 754 rogationis,

63 769 118 832 vir
136 769 217 832 mihi
241 769 472 845 amicissimus,
490 769 532 848 Q.
550 770 734 848 Fabricius,
752 771 916 855 templum
941 772 1116 858 aliquanto

63 879 145 936 aute
171 873 282 937 lucem
305 874 493 958 occupavit.
540 873 686 952 Quietus
712 895 751 938 eo
774 874 827 940 die
849 874 988 953 Sestius,
1006 878 1034 941 is
1056 879 1116 961 qui
1153 897 1167 941 a

64 983 118 1040 est
151 975 191 1042 de
224 978 257 1042 vi
284 999 383 1052 reus;
415 985 508 1042 actor
535 977 588 1042 bic
620 977 843 1063 defensorque
872 1001 990 1044 causae
1023 1002 1114 1046 meae

64 1079 153 1142 nihil
181 1080 404 1166 progreditur,
432 1081 572 1145 consilia
603 1089 759 1166 expectat
789 1083 1000 1148 inimicorum
1031 1107 1117 1150 meo·

64 1205 152 1247 rum.
201 1184 317 1263 Quid?
339 1184 400 1261 illi,
417 1206 561 1269 quorum
589 1185 729 1250 consilio
756 1185 793 1248 P.
812 1185 941 1252 Sestius
969 1189 1004 1251 in
1031 1188 1115 1252 iudi·

65 1287 159 1351 cium
190 1295 338 1364 vocatur,
370 1309 437 1373 quo
468 1311 503 1353 se
535 1296 633 1373 pacto
663 1290 810 1374 gerunt?
868 1289 954 1354 Cum
993 1291 1113 1367 forum,

64 1392 251 1468 comitium,
276 1394 402 1457 curiam
433 1393 540 1456 multa
570 1392 611 1457 de
640 1401 738 1458 nocte
766 1395 900 1458 armatis
925 1394 1116 1460 bominibus
1141 1416 1170 1462 10

65 1517 104 1562 ac
144 1497 251 1561 servis
284 1496 454 1581 plerisque
486 1497 752 1580 occupavissent,
784 1497 947 1581 impetum
985 1498 1117 1564 faciunt

65 1599 101 1662 in
131 1599 329 1675 Fabricium,
358 1619 476 1664 manus
507 1598 676 1674 adferunt,
705 1599 866 1664 occidunt
896 1622 964 1666 non
994 1603 1115 1678 nullos

66 1704 249 1769 vulnerant
275 1704 410 1770 multos.
466 1703 670 1768 Venientem
696 1705 732 1766 in
758 1703 869 1768 iorum
895 1705 1005 1770 virum
1031 1709 1113 1791 opti·
1131 1710 1169 1772 76

66 1829 160 1872 mum
185 1816 220 1874 et
246 1809 567 1884 constantissimum,
592 1807 639 1872 Μ.
665 1805 827 1892 Cispium,
855 1807 1028 1874 tribunum
1058 1810 1114 1894 pl,

67 1911 101 1976 vi
133 1910 320 1996 depellunt,
351 1912 485 1977 caedem
518 1913 552 1975 in
583 1911 656 1976 foro
688 1913 867 1976 maximam
891 1912 1023 1977 iaciunt
1048 1915 1170 1980 uni-15

67 2017 226 2101 versique
251 2015 420 2082 destrictis
441 2015 564 2102 gladiis
589 2023 624 2081 et
646 2017 795 2081 cruentis
820 2018 866 2080 in.
879 2017 1034 2083 omnibus
1051 2017 1116 2084 fori

67 2120 219 2206 partibus
243 2119 379 2186 fratrem
408 2141 529 2195 meum,
553 2120 665 2184 virum
693 2121 869 2204 optimum,
895 2121 1115 2187 fortissimum

67 2225 200 2310 meique
226 2226 503 2301 amantissimum,
528 2225 635 2290 oculis
659 2225 874 2308 quaerebant,
899 2247 981 2291 voce
1007 2248 1117 2310 posce·

68 2328 159 2394 bant.
207 2329 361 2408 Quorum
391 2330 448 2394 ille
480 2329 556 2394 telis
583 2328 727 2393 libenter
757 2330 791 2391 in
823 2337 918 2394 tanto
948 2330 1045 2394 luctu
1076 2353 1114 2396 ac

68 2432 232 2498 desiderio
249 2434 313 2498 mei
329 2453 396 2497 non
420 2431 640 2519 repugnandi,
657 2431 717 2496 sed
742 2432 906 2497 moriendi
930 2453 1031 2498 causa
1050 2456 1118 2498 cor·
1141 2449 1170 2494 ao

67 2559 131 2622 pus
162 2537 342 2603 obtulisset
371 2559 481 2612 suum,
512 2537 577 2600 nisi
608 2555 703 2599 suam
731 2537 836 2600 vitam
866 2536 909 2600 ad
932 2557 1024 2621 spem
1050 2540 1116 2602 mei

68 2641 197 2706 reditus
225 2649 437 2707 reservasset.
484 2639 597 2706 Subiit
620 2647 731 2704 tamen
748 2641 815 2704 vim
840 2639 931 2704 illam
954 2640 1117 2706 nefariam

69 2745 371 2810 consceleratorum
402 2746 571 2810 latronum
595 2751 737 2821 etcum
764 2742 806 2806 ad
834 2743 948 2808 fratris
973 2745 1117 2809 salutem

102 3040 581 3105 §75.1-11.0a1umnia,‘triokery.’
605 3039 704 3101 nigua’
720 3040 775 3094 le..
789 3039 927 3088 Fabricius
947 3039 975 3099 (l.
989 3038 1014 3096 4)
1033 3040 1119 3090 found

71 3117 220 3168 concillo:
242 3131 286 3167 see
304 3133 340 3168 on
355 3116 368 3174 t
386 3120 425 3168 65.
445 3121 484 3168 20.
506 3123 583 3167 tem·
604 3116 653 3165 the
669 3115 796 3178 strategio
812 3115 904 3178 points
921 3115 1029 3177 already
1043 3130 1121 3166 occu·

71 3195 162 3263 plum,
174 3197 221 3246 tbe
238 3199 349 3246 rostro:
366 3197 443 3259 point
455 3197 476 3245 it
488 3200 535 3244 out
547 3209 582 3244 on
604 3192 675 3255 plcd.
718 3191 819 3241 servin
841 3191 1005 3253 plerisque,
1030 3191 1120 3243 ‘most

72 3272 139 3322 Plan
157 3273 187 3320 B.
218 3276 290 3322 ante
310 3272 419 3329 lucam,
434 3272 463 3322 of
479 3285 581 3332 course,
605 3269 634 3318 oi
645 3269 721 3317 them
732 3267 838 3318 slaves)

73 3354 101 3398 to
117 3348 262 3410 anticipata
273 3347 320 3397 tbe
336 3346 472 3397 Clodians.
507 3345 583 3395 nihil
637 3345 651 3406 §
669 3344 708 3396 76.
733 3344 834 3393 20-22.
858 3356 973 3406 corpus
990 3344 1120 3394 obtulis-

73 3421 273 3484 progreditur,
288 3421 382 3472 ‘takes
400 3436 436 3470 no
456 3421 515 3484 step
531 3422 584 3470 for·
605 3423 655 3468 act
677 3433 775 3478 suum,
795 3420 901 3470 ‘would
923 3422 993 3471 bave
1011 3422 1119 3471 thrown

74 3495 163 3557 wa1·d,'
178 3496 312 3544 ‘remalns
328 3495 468 3557 passive:'
484 3509 544 3544 case
556 3495 585 3544 of
605 3496 715 3546 himself
738 3496 840 3559 upon:’
872 3511 980 3559 corpus,
1006 3511 1035 3547 as
1063 3499 1120 3548 also

74 3571 164 3620 citii?
186 3570 239 3627 illi,
256 3571 304 3619 the
327 3570 463 3620 Olodians.
489 3570 583 3619 comi·
605 3575 722 3633 catinus,
735 3573 770 3622 cf.
785 3575 799 3634 6
816 3572 855 3625 71.
871 3575 910 3634 10,
924 3575 946 3623 is
960 3575 1037 3624 often
1054 3574 1119 3624 used

75 3648 163 3694 tium:
181 3661 224 3696 see
241 3661 277 3695 on
289 3647 311 3696 Ι.
325 3647 371 3696 15.
383 3648 423 3708 25,
436 3647 490 3695 and
508 3648 584 3708 point
605 3651 695 3698 where
717 3663 733 3698 a
753 3649 851 3712 simple
869 3665 995 3712 pronoun
1016 3651 1079 3712 only
1097 3651 1120 3702 is

76 3729 121 3772 out
130 3725 258 3773 thetbree
269 3723 358 3786 places
368 3739 441 3787 upon
453 3725 500 3772 the
509 3725 581 3786 plan.
605 3725 760 3774 admissible
784 3727 811 3774 in
835 3726 968 3788 Englisb.-
999 3729 1119 3778 tamen:

75 3799 169 3851 multa
178 3799 217 3852 de
225 3800 384 3861 nocte.‘in
393 3802 440 3853 the
449 3801 546 3867 deptbs
555 3801 584 3851 of
605 3802 648 3852 for
670 3803 705 3853 its
727 3815 773 3852 use
793 3801 828 3853 cf.
848 3801 913 3866 574.
932 3803 971 3854 36.
