2838 4380
356 294 411 353 er.
436 294 500 360 m,
524 296 538 362 e
563 295 604 362 ra
635 294 696 364 rc,
721 293 735 362 s
759 295 813 352 1-2.
1097 283 1161 356 art

55 495 216 540 meorum
232 493 421 540 sermonum
439 481 472 538 et
487 473 702 538 consiliorum
726 473 892 558 particeps
916 494 987 539 esse
1011 475 1108 552 soles,

55 579 205 644 ubinam
221 577 280 642 es?
302 579 350 641 ita
364 598 438 640 sum
462 576 504 642 ab
526 576 681 642 omnibus
703 577 899 654 destitutus
917 585 957 641 ut
980 585 1111 643 tantum
1135 595 1163 640 10

56 684 227 767 requietis
258 681 405 758 habeam,
439 689 604 765 quantum
634 701 711 746 cum
742 703 846 746 uxore
877 689 912 747 et
942 682 1045 747 filiola
1075 691 1111 748 et

57 787 196 852 mellito
225 785 387 850 Cicerone
418 786 645 850 consumitur:
685 805 762 849 nam
800 785 877 850 illae
915 785 1108 852 ambitiosae

58 898 199 956 nostrae
215 889 418 974 fucosaeque
433 889 600 954 amicitiae
616 890 748 954 suntin
764 887 909 974 quodam
932 890 1108 974 splendore

58 994 205 1071 forensi,
226 993 376 1058 fructum
393 993 613 1060 domesticum
635 1015 703 1058 non
726 992 867 1069 habent3
891 995 1015 1079 itaque,
1032 1017 1108 1060 cum

59 1097 150 1163 bene
185 1097 350 1182 completa
376 1097 495 1162 domus
522 1105 574 1164 cst
597 1105 744 1182 tempore
768 1099 945 1174 matutino,
969 1121 1045 1163 cum
1069 1099 1110 1164 ad
1135 1116 1162 1160 rs

61 1201 178 1265 forum
196 1202 311 1286 stipati
334 1201 491 1288 gregibus
509 1203 690 1267 amicorum
710 1200 955 1278 descendimus,
967 1204 1108 1287 reperire

61 1327 106 1370 ex
131 1327 253 1393 magna
269 1305 368 1370 turba
383 1307 548 1371 neminem
565 1327 754 1391 possumus,
772 1327 918 1391 quocum
934 1315 993 1372 aut
1008 1309 1109 1372 iocari

62 1409 168 1476 libere
195 1418 255 1474 aut
280 1410 446 1496 suspirare
478 1409 686 1475 familiariter
709 1411 884 1496 possimus.
932 1409 1044 1490 Quare
1076 1421 1109 1478 te

62 1522 308 1600 exspectemus,
325 1522 359 1579 te
374 1513 614 1591 desideramus,
631 1523 664 1579 tc
681 1517 745 1578 iam
769 1516 870 1579 etiam
893 1517 1108 1592 arcessimus3

64 1620 174 1683 multa
192 1626 274 1684 sunt
296 1619 395 1695 enim,
411 1639 498 1703 quae
518 1640 571 1683 me
594 1619 778 1683 sollicitant
800 1627 1008 1706 anguntque,
1025 1642 1110 1705 quae
1134 1641 1164 1686 20

64 1723 148 1786 mihi
165 1722 281 1788 videor
295 1743 391 1787 aures
416 1731 534 1788 nactus
560 1731 635 1788 tuas
661 1724 762 1788 unius
788 1723 1023 1789 ambulationis
1046 1746 1112 1789 ser·

65 1848 164 1892 mone
179 1826 355 1892 exhaurire
372 1847 478 1911 posse.
523 1827 576 1892 Ac
592 1825 851 1892 domesticarum
867 1827 1004 1912 quidem
1023 1829 1112 1894 solli·
1133 1828 1153 1889 2

65 1929 256 1996 citudinum
271 1931 404 1996 aculeos
421 1951 535 1997 omncs
550 1938 586 1996 et
600 1931 776 2015 scrupulos
799 1931 984 2008 occultabo,
1001 1953 1110 2018 neque

66 2057 129 2122 ego
145 2035 223 2100 huic
239 2036 399 2120 epistolae
422 2043 523 2120 atque
546 2037 662 2122 ignoto
686 2035 860 2100 tabellario
882 2036 1109 2113 committam

66 2147 168 2224 atquc
195 2138 372 2203 hi-nolo
398 2140 489 2204 enim
518 2147 553 2204 te
580 2139 897 2224 permoveri—non
929 2147 1010 2204 sunt
1040 2161 1112 2225 per·
1134 2161 1164 2206 rt

67 2244 208 2320 molesti,
225 2242 284 2308 scd
299 2250 412 2308 tamen
428 2242 576 2308 insident
590 2251 625 2308 et
641 2251 765 2330 urgent
779 2251 815 2308 et
827 2243 953 2308 nullius
969 2245 1111 2310 amantis

67 2347 205 2412 consilio
228 2356 288 2412 aut
310 2368 461 2412 sermone
484 2348 718 2432 requiescunt:
743 2348 778 2411 in
802 2369 836 2411 re
862 2347 999 2432 publica
1022 2370 1110 2425 vero,

69 2471 270 2536 quamquam
285 2452 416 2516 enimus
438 2459 491 2517 est
513 2472 682 2536 praesens,
699 2459 811 2517 tamen
828 2453 986 2516 voluntas
1010 2455 1111 2517 etiam

69 2564 168 2641 atque
185 2557 287 2621 etiam
303 2557 375 2642 ipsa
390 2578 443 2621 me
466 2555 598 2633 deficit3
622 2577 711 2634 nam,
727 2565 768 2622 ut
791 2578 830 2621 ea
852 2555 1008 2632 breviter,
1025 2579 1110 2642 quae

101 2763 199 2812 11-15.
236 2777 342 2823 more,
377 2763 480 2823 liliola,
515 2768 581 2814 etc:
604 2763 677 2814 word
694 2764 737 2814 for
754 2763 836 2827 going
858 2768 887 2812 to
903 2763 950 2812 tlte
967 2762 1066 2825 lorum,
1084 2777 1114 2813 as

71 2851 114 2888 see
145 2851 180 2888 on
215 2837 266 2890 IV.
303 2838 328 2886 3.
358 2838 398 2900 14,
423 2839 461 2888 15.
507 2837 581 2888 mel·
603 2840 651 2890 the
670 2839 764 2890 homes
782 2839 812 2889 of
834 2839 881 2889 the
898 2838 996 2901 higher
1017 2839 1114 2888 classes

70 2913 290 2978 tito‚‘dar1mg.’
324 2927 397 2965 nem
415 2915 495 2972 illac,
517 2919 579 2975 etc,
605 2930 672 2966 were
703 2930 738 2966 on
764 2917 811 2966 the
839 2915 1021 2978 surrounding
1051 2915 1115 2965 lrills

73 2991 214 3041 ‘lorthese
225 2991 345 3054 politica}
363 2991 416 3041 and
434 2991 580 3054 pretended
604 2990 641 3054 (p.
649 2991 713 3054 31,§
726 2992 778 3053 to).
792 2991 901 3039 unius.
918 3025 924 3038 .
941 3025 947 3037 .
964 3002 1115 3047 sermone.

72 3067 233 3130 friendships
250 3068 320 3118 have
337 3081 353 3117 a
370 3068 472 3116 certain
489 3065 580 3129 public
605 3067 688 3118 ‘with
709 3069 757 3117 the
779 3067 837 3116 talk
859 3067 889 3116 of
907 3081 925 3116 a
944 3067 1030 3130 single
1051 3073 1114 3118 turn

73 3143 179 3206 glitter!
214 3143 380 3206 completa,
397 3148 464 3194 etc:
483 3157 527 3194 see
543 3157 580 3194 on
603 3144 632 3193 in
649 3144 696 3193 the
707 3157 777 3206 open
788 3143 847 3193 eir!

75 3219 96 3269 I.
108 3219 152 3268 10.
164 3221 202 3274 28.
635 3220 684 3282 §2
698 3219 799 3270 22-29.
817 3220 881 3268 Ao:
899 3233 943 3269 see
955 3233 991 3269 on
1009 3219 1075 3270 Sull.
1089 3218 1114 3268 ³.

104 3295 201 3344 lael.
219 3296 329 3359 stipati
346 3331 351 3345 .
369 3331 375 3344 .
392 3332 398 3345 .
416 3295 580 3346 descendi·
602 3296 641 3346 30.
677 3295 818 3345 eculeos:
835 3309 879 3346 see
891 3309 925 3345 ou
938 3295 1003 3345 Sull.
1014 3294 1060 3343 ⁴⁷.
1073 3297 1112 3344 22.

76 3383 155 3422 mue:
181 3385 264 3435 many
280 3373 310 3422 ol
331 3373 410 3422 those
432 3373 494 3423 who
516 3373 580 3436 paid
602 3371 775 3434 scrupulos,
792 3371 869 3421 small
890 3372 1000 3434 pointed
1024 3377 1115 3420 stones
1224 3407 1226 3410 .

75 3448 143 3516 tlreir
154 3454 270 3510 respecta
282 3454 310 3498 to
325 3454 400 3511 great
413 3462 476 3499 men
490 3450 518 3498 in
534 3450 580 3499 the
603 3450 664 3499 that
675 3449 815 3511 miglrtget
824 3449 938 3498 intothe
948 3448 1021 3497 ehoe.
1056 3448 1115 3497 Tlre

76 3523 579 3587 morning(seeon1.10.28)remained
603 3531 658 3575 two
680 3525 767 3575 words
789 3539 834 3574 are
859 3525 923 3574 used
952 3523 1116 3586 metaphori-

77 3606 105 3652 to
114 3607 199 3664 escort
214 3601 289 3650 them
301 3605 331 3651 to
347 3601 394 3650 the
416 3601 514 3663 forum,
527 3602 580 3652 and
603 3601 673 3664 cally
706 3601 736 3650 of
763 3601 897 3664 auything
931 3601 991 3650 that
1023 3613 1136 3662 causes¹

78 3691 140 3728 even
170 3677 364 3740 accompanled
396 3677 471 3728 them
499 3678 582 3728 home
604 3692 691 3740 worry
712 3691 744 3727 or
771 3677 936 3727 uncaslness.
982 3679 1019 3724 ut
1045 3711 1051 3723 .
1078 3711 1084 3723 .
1109 3709 1115 3723 .

79 3755 152 3804 when
168 3754 315 3806 theduties
330 3754 360 3804 of
381 3755 429 3804 the
445 3754 497 3816 lay
513 3768 582 3804 were
604 3752 756 3813 colligam.
782 3751 929 3813 ‘although
957 3751 970 3800 1
991 3756 1049 3813 'put
1076 3756 1116 3800 to·

79 3843 144 3883 over.
195 3829 365 3894 descendere,
398 3830 446 3880 the
477 3829 582 3894 regular
604 3829 699 3894 gether
715 3825 835 3892 brieflyz’
857 3828 900 3879 lor
916 3829 947 3878 at
962 3827 1117 3878 concessive
