2936 4376
244 324 305 389 216
499 337 539 385 ΙΝ
561 335 773 386 carmiuare
796 335 935 386 oanrro
963 333 1126 396 cursem.

293 509 376 574 tutis
407 506 571 583 liberavit,
599 513 821 591 anteponatur
845 505 998 570 omnibus
1024 505 1215 590 PompeiuS,
1241 507 1337 570 cuius

294 633 344 676 res
360 618 473 697 gestae
489 617 591 696 atque
609 611 751 675 virtutes
774 609 878 675 isdem
904 610 1025 695 quibus
1049 611 1128 674 solis
1152 631 1269 675 cursus
1292 632 1340 675 re-

293 713 448 801 gionibus
472 735 510 778 ac
534 714 684 778 terminis
713 715 948 789 continentur3
981 714 1046 778 erit
1076 712 1228 798 profecto
1250 715 1340 780 inter

293 819 412 882 horum
442 816 557 882 laudes
588 817 717 902 aliquid
749 817 813 882 loci
846 824 979 882 nostrae
1003 818 1139 904 gloriae,
1163 819 1229 882 nisi
1251 817 1338 884 forte

241 939 270 985 ac
293 923 398 986 maius
414 928 465 985 est
481 920 670 1005 patefacere
694 920 790 985 nobis
814 922 1013 1005 provincias,
1031 942 1099 1006 quo
1123 923 1214 986 exire
1238 923 1341 1006 possi-

295 1049 378 1102 mne,
402 1046 501 1110 quam
527 1046 651 1101 curare,
676 1032 715 1089 ut
741 1025 841 1090 etiam
857 1025 918 1102 ilii,
943 1026 1002 1109 qui
1026 1024 1160 1100 absunt,
1183 1024 1338 1112 habeant,

241 1133 360 1214 22quo
388 1130 529 1194 victores
557 1135 778 1194 revertantur.
841 1127 1054 1214 Quamquam
1085 1137 1137 1194 est
1166 1150 1235 1193 uno
1264 1129 1339 1194 loco

294 1232 445 1298 condicio
473 1232 589 1302 melior
616 1240 773 1298 externae
802 1233 961 1300 victoriae
992 1254 1094 1318 quam
1124 1233 1337 1310 domesticae,

294 1337 385 1422 quod
422 1337 534 1401 hostes
572 1338 777 1424 alienigenae
811 1345 871 1402 aut
909 1339 1058 1423 oppressi
1095 1338 1249 1402 serviunt
1278 1346 1339 1403 aut

240 1458 269 1503 30
292 1443 416 1526 recepti
445 1441 604 1505 beneficio
635 1462 670 1506 se
701 1440 864 1528 obligatos
895 1449 1037 1527 putant3
1069 1443 1128 1527 qui
1151 1449 1265 1507 autem
1295 1465 1339 1507 ex

245 1575 248 1588 ·
293 1567 431 1610 numero
448 1546 572 1610 civium
589 1544 758 1610 dementia
773 1546 887 1631 aliqua
902 1546 1075 1630 depravati
1088 1545 1200 1610 hostes
1211 1548 1338 1631 patriae

293 1650 397 1715 semei
420 1667 491 1714 esse
516 1656 709 1733 coeperunt,
726 1671 782 1715 eos
805 1672 882 1714 cum
906 1671 925 1714 a
948 1651 1093 1735 pernicie
1110 1651 1157 1715 rei
1185 1650 1337 1734 publicae

291 1755 485 1838 reppuleris,
503 1775 563 1818 nec
580 1755 614 1818 vi
630 1758 780 1818 coercere
801 1776 862 1820 nec
885 1754 1045 1819 beneficio
1068 1756 1198 1840 placare
1222 1756 1337 1839 possis.

294 1857 406 1937 Quare
423 1857 503 1921 mihi
519 1879 596 1922 cum
612 1857 751 1942 perditis
767 1858 897 1922 civibus
920 1867 1095 1924 aeternum
1118 1859 1246 1924 bellum
1269 1881 1340 1924 sus·

239 1978 268 2024 aa
290 1969 423 2046 ceptum
442 1983 513 2027 esse
530 1961 637 2025 video.
686 1961 725 2025 Id
742 1984 804 2048 ego
817 1969 928 2026 vestro
942 1963 1171 2048 bonorumque
1187 1965 1338 2028 omnium

291 2067 419 2130 auxilio
446 2067 671 2151 memoriaque
696 2073 867 2131 tantorum
895 2067 1131 2150 periculorum,
1156 2089 1241 2152 quae
1269 2089 1337 2131 non

291 2169 388 2234 modo
405 2171 439 2233 in
455 2170 517 2251 hoe
541 2170 676 2255 populo,
693 2171 753 2254 qui
776 2177 930 2235 servatus
956 2178 1016 2246 est,
1042 2171 1101 2236 sed
1126 2172 1160 2234 in
1186 2172 1337 2236 omniurn

290 2275 444 2359 gentium
459 2273 667 2338 sermonibus
684 2294 722 2338 ac
738 2270 908 2338 mentibus
925 2295 1055 2359 semper
1070 2275 1230 2350 haerebit,
1248 2297 1267 2339 a
1284 2298 1336 2341 me

291 2386 392 2462 atque
418 2399 437 2442 a
463 2379 545 2442 meis
570 2375 667 2441 facile
695 2377 881 2462 propulsari
909 2399 1003 2461 posse
1029 2378 1169 2442 confido.
1217 2379 1336 2464 Neque

238 2497 267 2543 sc
289 2483 359 2546 ulla
375 2481 526 2567 profecto
553 2488 648 2545 tanta
671 2481 722 2546 vis
746 2483 942 2576 reperietur,
960 2504 1046 2566 quae
1064 2484 1336 2548 coniunctionem

290 2593 436 2650 vestram
460 2586 681 2670 equitumque
709 2585 936 2650 Romanorum
958 2592 993 2649 et
1021 2593 1149 2650 tantam
1172 2589 1338 2671 conspira-

319 2790 418 2848 24,25.
437 2791 507 2847 loci,
517 2790 652 2854 partitive.
678 2789 801 2850 gloriae,
823 2804 894 2840 rrrm:
908 2788 1027 2851 ‘virtory
1034 2803 1099 2838 over
1106 2791 1209 2853 foreign
1218 2791 1336 2840 enemies

288 2865 385 2916 dative.
411 2865 560 2916 nisiforte
569 2867 590 2914 is
600 2865 663 2915 used
673 2864 802 2928 precisely
823 2867 889 2914 than
907 2866 1011 2926 victory
1030 2878 1094 2914 over
1113 2866 1170 2914 foes
1188 2871 1216 2913 at
1233 2866 1333 2915 home!

287 2954 317 2990 as
328 2943 382 2991 ctat
400 2955 473 2992 vero:
491 2942 525 2990 cf.
541 2938 553 2997 §
567 2941 604 2990 13.
618 2941 658 2990 41.
694 2941 800 2998 maius,
823 2940 966 3002 oppressi
983 2940 1131 2997 serviunt,
1157 2940 1254 2989 ‘when
1272 2955 1335 2990 con-

290 3015 434 3079 ‘agreater
447 3017 521 3066 teat)
557 3015 802 3077 querelariveao-
823 3016 931 3080 quered,
951 3016 1060 3065 became
1081 3030 1131 3064 our
1149 3015 1254 3064 slaves)
1289 3028 1335 3065 re·

288 3092 387 3142 verb:
398 3093 434 3142 ad
446 3107 533 3154 quus:
546 3092 619 3141 what
631 3093 653 3141 is
661 3092 681 3141 it
693 3093 801 3154 equiva-
822 3091 921 3154 cepti:
938 3090 1070 3152 complete
1088 3091 1135 3139 the
1153 3091 1250 3152 phrase
1263 3092 1333 3141 irom

288 3166 345 3218 lent
357 3176 384 3218 to
397 3171 424 3218 in
438 3170 506 3218 Mur.
521 3168 566 3216 28.
581 3169 632 3218 18?
644 3169 674 3216 in
686 3168 739 3218 ΙΙΙ.
753 3169 799 3217 28.
823 3167 898 3218 Caes.
913 3168 934 3217 1.
949 3166 974 3214 5.
987 3167 1003 3214 4
1014 3167 1047 3215 ad
1060 3166 1105 3216 fin.

287 3245 341 3295 25?
357 3247 410 3295 and
424 3246 508 3296 below
521 3246 548 3294 in
565 3244 581 3293 l.
595 3246 626 3296 27
645 3243 690 3307 (cf.
705 3245 799 3306 aliquo
853 3243 953 3292 33-87.
971 3244 1088 3305 possis:
1099 3243 1142 3292 for
1151 3243 1230 3294 mood
1243 3242 1276 3294 A.
1287 3243 1333 3292 311

288 3321 310 3370 Ι.
323 3320 368 3368 17.
381 3321 446 3383 24)2
822 3333 857 3379 α,·
876 3319 908 3368 G.
923 3319 982 3379 25ος
1001 3318 1036 3367 Η.
1055 3319 1102 3367 485
1120 3333 1137 3367 η
1154 3314 1226 3379 3;Β.
1240 3317 1290 3368 280
1307 3316 1331 3366 2.

319 3394 383 3452 §aa
402 3395 502 3446 27-30.
520 3409 583 3446 uno
595 3396 731 3454 loco,·tn
748 3409 799 3446 one
820 3394 907 3444 mihi:
924 3393 1007 3444 case?
1031 3393 1068 3444 ΙΙ.
1084 3393 1129 3443 26.
1141 3395 1164 3444 3.
1200 3407 1264 3444 non
1281 3430 1287 3442 .
1304 3430 1310 3442 .
1327 3430 1333 3442 .

288 3470 410 3533 respect!
457 3475 606 3521 externae
638 3471 799 3528 victbrtae,
820 3470 961 3520 modo..
979 3505 984 3517 .
1002 3469 1073 3519 sed:
1091 3484 1134 3519 see
1152 3484 1188 3520 on
1203 3470 1240 3520 11.
1254 3471 1280 3519 8.
1292 3472 1332 3533 28,

288 3553 354 3596 etc:
371 3548 416 3595 the
427 3546 574 3608 adjectives
586 3547 650 3596 take
662 3549 708 3596 the
722 3547 799 3608 place
820 3546 873 3595 and
886 3546 928 3596 for
940 3545 986 3594 the
995 3545 1081 3594 whole
1094 3546 1219 3608 thought,
1229 3546 1264 3596 cf.
1278 3545 1331 3597 111.

288 3623 317 3672 ot
346 3622 478 3684 objectiva
505 3624 646 3685 genitivos,
672 3626 798 3672 cateruae
820 3621 922 3671 2ᾶ91.

288 3702 420 3751 victorine
438 3701 516 3762 being
533 3700 689 3762 equivalent
706 3705 734 3748 to
746 3701 799 3750 otc·
851 3696 953 3746 4041.
972 3698 1229 3748 coniunctionem
1251 3711 1335 3748 ves-

288 3776 375 3826 torioe
399 3762 524 3834 nocitum,
550 3775 603 3822 and
635 3775 798 3824 domesticae
819 3777 906 3830 uam,
925 3779 987 3833 etc,
1002 3775 1085 3835 ‘your
1103 3776 1185 3824 union
1202 3776 1268 3825 with
1286 3776 1334 3825 the

288 3854 420 3905 victoriae
452 3857 480 3905 to
509 3853 641 3906 victoriae
676 3853 798 3904 inimico·
821 3849 925 3900 Roman
951 3850 1091 3916 knightsz’
1121 3851 1157 3901 ct.
1186 3851 1199 3908 1
1223 3853 1261 3902 15.
1291 3851 1331 3906 27.
