2876 4378
466 318 806 383 effluerem
1136 307 1200 374 affl

99 493 282 569 Milonem3
299 493 485 558 convertite
501 493 629 557 animos
646 514 736 556 nune
749 492 898 558 vicissim
913 491 957 558 ad
972 493 1147 560 Milonem.

98 597 194 678 Quid
221 598 358 662 Milonis
385 597 547 662 intererat
573 596 715 662 interfici
744 595 926 660 Clodium?
956 597 1040 682 quid
1066 607 1147 675 erat,

98 723 161 766 cur
177 703 260 790 Milo
276 724 343 766 non
354 701 462 766 dicam
473 700 677 777 admitteret,
690 701 750 766 sed
762 701 919 785 optaret?
964 701 1149 770 ‘Obstabat

98 806 132 869 in
150 827 208 890 spe
233 806 427 870 consulatus
444 805 566 868 Miloni
591 803 752 868 Clodius?
800 805 850 868 At
874 813 913 869 eo
938 793 1148 892 repugnante
1173 824 1201 868 15

98 909 209 987 fiebat,
226 910 326 973 immo
343 931 421 974 vero
437 930 477 973 eo
505 907 606 973 fiebat
629 909 744 994 magis,
763 930 823 972 nec
848 930 899 972 me
923 907 1144 995 suffragatore

98 1014 235 1078 meliore
266 1012 428 1078 utebatur
458 1033 560 1097 quam
591 1011 720 1076 Clodio.
779 1011 926 1076 Valebat
956 1012 1046 1096 apud
1078 1010 1163 1091 vos,¹

98 1117 236 1194 iudices,
253 1117 391 1182 Milonis
416 1138 496 1204 erga
520 1138 572 1181 me
598 1137 736 1201 remque
760 1115 928 1200 publicam
951 1118 1149 1182 meritorum

99 1222 267 1298 memoria,
292 1221 448 1286 valebant
472 1242 587 1306 preces
612 1227 648 1285 et
676 1220 831 1284 lacrimae
857 1227 1000 1297 nostrae,
1025 1221 1147 1306 quibus

98 1333 252 1412 agotum
268 1346 328 1390 vos
345 1325 483 1390 mirifice
499 1325 626 1390 moveri
648 1323 843 1398 sentiebam,
859 1323 919 1389 sed
941 1324 1018 1409 plus
1043 1327 1149 1392 multo
1172 1343 1201 1388 ao

99 1428 235 1494 valebat
258 1428 484 1514 periculorum
511 1426 769 1513 inpendentium
795 1428 904 1492 timor.
935 1428 1038 1510 ‚Quis
1058 1431 1148 1494 enim

98 1540 172 1598 erat
194 1533 328 1608 civium,
345 1533 405 1616 qui
428 1532 491 1597 sibi
514 1533 660 1596 solutam
685 1531 723 1594 P.
742 1515 1051 1616 Clodi‘praeturam
1077 1536 1148 1600 sine

99 1638 245 1701 maximo
267 1658 378 1701 rerum
404 1657 566 1701 novarum
594 1643 687 1700 metu
715 1637 940 1721 proponeret?
994 1636 1147 1702 Solutam

98 1749 212 1806 autem
241 1740 313 1805 fore
344 1740 521 1817 videbatis,
553 1741 619 1804 nisi
649 1747 738 1805 esset
767 1740 796 1803 is
827 1741 956 1816 consul,
985 1743 1044 1824 qui
1075 1764 1147 1807 earn

98 1844 239 1910 auderet
257 1853 437 1930 possetque
454 1845 696 1931 constringere.
744 1843 833 1906 Eum
857 1843 1020 1909 Milonem
1044 1868 1148 1910 unum
1171 1865 1200 1908 25

98 1971 170 2015 esse
201 1971 279 2013 eum
306 1951 448 2013 sentiret
480 1949 659 2013 universus
691 1948 836 2032 populus
864 1948 1045 2024 Romanus,
1070 1952 1146 2034 quis

98 2053 270 2118 dubitaret
284 2052 445 2139 suffragio
462 2074 523 2118 suo
539 2073 575 2117 se
592 2059 694 2128 metu,
712 2051 861 2135 periculo
886 2073 955 2116 rem
978 2051 1146 2137 publicam

98 2159 261 2223 liberare?
308 2157 357 2221 At
380 2178 482 2234 nunc,
501 2157 621 2222 Clodio
646 2165 782 2232 remoto,
800 2156 935 2222 usitatis
960 2158 1027 2221 iarn
1048 2159 1146 2224 rebus

99 2260 295 2326 enitendum
331 2269 383 2325 est
412 2261 543 2337 Miloni,
570 2267 609 2324 ut
639 2267 776 2325 tueatur
799 2259 1000 2346 dignitatem
1030 2282 1145 2338 suam;

99 2363 279 2448 singularis
296 2362 355 2424 illa
371 2368 406 2425 et
421 2361 499 2426 huic
517 2363 576 2425 uni
600 2382 756 2427 concessa
779 2361 896 2447 gloria,
914 2382 1001 2446 quae
1025 2364 1148 2428 cotidie
1171 2381 1201 2426 ao

99 2466 286 2553 augebatur
312 2465 507 2553 frangendis
538 2465 708 2531 furoribus
740 2465 923 2542 Clodianis,
951 2466 1017 2530 iam
1048 2466 1147 2532 Clodi

100 2579 205 2636 morte
228 2570 360 2635 cecidit.
407 2571 479 2635 Vos
506 2570 620 2656 adepti
645 2572 736 2646 estis,
760 2593 802 2635 ne
826 2592 925 2655 quem
952 2572 1061 2637 civem
1085 2594 1150 2637 me·

99 2675 263 2749 tueretis3
296 2674 349 2738 hic
384 2676 659 2740 exercitationem
689 2675 837 2750 virtutis
868 2673 1145 2762 suffragationem

100 2777 304 2850 consulatus
336 2777 465 2841 iontem
498 2799 678 2862 perennem
712 2779 837 2864 gloriae
872 2800 952 2843 suae
987 2779 1143 2864 perdidit.

101 2881 220 2965 Itaque
245 2881 383 2946 Milonis
410 2883 615 2957 consulatus,
634 2884 692 2967 qui
710 2883 789 2946 vivo
816 2879 935 2946 Clodio
955 2883 1149 2949 labefactari
1172 2900 1200 2945 35

100 3006 166 3048 non
204 2993 345 3070 poterat,
378 2994 509 3051 mortuo
546 2985 692 3071 denique
725 2988 883 3070 temptari
915 2995 1053 3072 coeptus
1085 2998 1146 3055 est.

99 3089 175 3153 Non
197 3089 295 3154 modo
319 3091 423 3176 igitur
439 3091 523 3155 nihil
551 3090 696 3175 prodest,
716 3090 776 3154 sed
799 3090 897 3156 obest
920 3092 1022 3156 etiam
1046 3092 1145 3157 Clodi

99 3215 186 3258 mors
217 3194 348 3258 Miloni.
408 3194 479 3259 ‘At
509 3195 619 3259 valuit
650 3194 774 3269 odium,
806 3194 888 3259 feeit
918 3196 1033 3272 iratus,
1064 3195 1201 3264 feritat

132 3463 200 3525 §34
228 3462 329 3510 15-17.
357 3463 403 3512 At
435 3475 474 3512 eo
506 3476 615 3526 repug-
635 3463 796 3512 utebatur:
819 3463 862 3513 ior
880 3464 1007 3527 meaning
1025 3465 1060 3514 ei.
1080 3465 1148 3516 Sest.

100 3542 200 3596 nante,
213 3543 274 3598 etc,
284 3532 297 3563 '‘
306 3539 361 3588 But
380 3538 448 3589 Milo
459 3554 514 3589 was
533 3541 614 3603 being
636 3539 700 3588 14⁷.
712 3541 756 3600 56;
774 3540 811 3588 Il.
824 3539 871 3588 18.
883 3542 922 3589 28.

101 3615 177 3664 made
190 3615 284 3664 consul
298 3613 343 3676 (ci.
351 3615 427 3676 fleri,
441 3617 455 3677 ς
470 3617 510 3665 25.
530 3616 572 3671 251
586 3618 613 3664 in
668 3615 768 3664 28-32.
797 3617 922 3664 usitatis
955 3616 1056 3674 rebus,
1089 3617 1151 3666 ‘the

101 3693 169 3753 spite
188 3692 216 3740 oi
237 3691 355 3741 Clodius’
373 3691 613 3754 oppositiomnay,
638 3693 797 3742 threadbare
836 3692 979 3750 methods,’
1015 3709 1088 3744 some
1122 3694 1151 3743 oi

102 3769 192 3816 rather
207 3783 241 3816 on
258 3772 372 3816 account
394 3768 423 3817 of
444 3767 484 3817 it.'
519 3766 614 3816 immo
638 3770 728 3818 which
756 3783 801 3818 are
830 3770 985 3818 mentioned
1015 3771 1042 3818 in
1078 3771 1147 3819 Mur.

101 3829 1151 3910 mmmmiaffimaufflwss·mumwmQ
