2924 4372
525 319 605 372 cnr.
631 321 655 383 s,
680 319 693 383 s
717 321 803 372 19-11.
1151 305 1214 372 121

117 494 361 580 vigilantibus?
398 495 458 579 qui
489 493 570 555 mihi
601 492 801 558 accubantes
833 493 868 556 in
899 493 1063 558 conviviis
1091 514 1166 557 con·

116 600 209 682 plexi
234 599 389 662 mulieres
415 597 589 682 inpudicas
617 598 697 660 vino
722 596 885 682 languidi,
912 595 1055 662 conferti
1080 597 1164 674 cibo,
1187 613 1216 660 aa

116 704 213 767 sertis
240 702 395 778 redimiti,
420 702 605 787 unguentis
623 699 728 776 obliti,
746 700 912 766 debilitati
928 702 1055 785 stupris
1074 722 1166 766 eruc·

116 815 194 871 tant
222 806 428 872 sermonibus
459 806 529 869 suis
562 805 696 870 caedem
735 804 896 869 bonorum
933 812 1035 889 atque
1074 805 1165 870 urbis

116 910 281 976 incendia.
331 909 463 990 Quibus
494 931 557 996 ego
588 908 718 973 confido
748 908 951 993 impendere*
971 907 1080 974 iatum
1109 909 1213 974 ali-ll

117 1015 219 1100 quod,
235 1022 270 1080 et
291 1035 432 1100 poenam
449 1015 514 1077 iam
531 1013 589 1077 diu
606 1013 822 1098 improbitati,
839 1014 1020 1098 nequitiae,
1036 1013 1163 1090 sceleri,

116 1118 250 1184 libidini
289 1119 436 1185 debitam
475 1125 536 1182 aut
574 1118 699 1182 instare
739 1118 805 1180 iarn
845 1118 942 1202 plane
982 1127 1042 1182 aut
1075 1125 1163 1184 certe
1187 1133 1216 1180 ³0

116 1220 391 1308 adpropinquare.
454 1221 548 1300 Quos
578 1222 607 1286 si
642 1242 735 1286 meus
769 1221 974 1298 consulatus,
1006 1223 1165 1306 quoniam

115 1348 232 1392 sanare
258 1347 326 1391 non
350 1332 472 1412 potest,
498 1325 686 1402 sustulerit,
714 1347 782 1389 non
808 1325 907 1390 breve
936 1327 1046 1396 nescio
1073 1325 1164 1411 quod

115 1438 260 1515 tenipus,
293 1429 353 1495 sed
385 1429 492 1493 multa
525 1430 658 1494 saecula
691 1430 884 1515 propagarit
919 1430 967 1494 rei
999 1428 1161 1513 publicae.

115 1533 220 1599 Nulla
257 1541 310 1599 est
345 1535 435 1599 enim
474 1535 575 1609 natio,
612 1555 714 1618 quam
745 1535 1027 1618 pertimescamus,
1050 1534 1164 1600 nullus

115 1659 185 1714 rex,
203 1639 264 1723 qui
278 1635 405 1702 bellum
423 1638 548 1723 populo
571 1638 722 1702 Romano
745 1637 854 1702 facere
879 1639 993 1723 possit.
1041 1636 1164 1705 Omnia
1186 1653 1215 1700 su

114 1751 197 1807 sunt
236 1750 376 1807 externa
415 1743 516 1806 unius
547 1742 674 1806 virtute
714 1749 801 1806 terra
841 1742 991 1828 marique
1031 1750 1163 1828 pacata3

115 1846 336 1911 domesticum
366 1846 490 1910 bellum
518 1851 640 1922 manet,
667 1846 760 1910 intus
785 1845 927 1916 insidiae,
952 1853 1043 1923 sunt,
1071 1849 1164 1912 intus

114 1951 284 2014 inclusum
312 1950 499 2034 periculum
526 1956 586 2024 est,
612 1950 705 2014 intus
733 1957 785 2014 est
811 1950 926 2014 hostis.
974 1950 1061 2016 Cum
1092 1951 1165 2016 lux-

115 2055 189 2118 uria
213 2053 318 2130 nobie,
344 2075 421 2118 cum
447 2055 602 2129 amentia,
626 2074 702 2117 cum
727 2055 850 2119 scelere
879 2053 1075 2119 certandum
1101 2063 1162 2120 est.

115 2157 207 2222 Huic
240 2179 303 2243 ego
337 2179 388 2221 me
422 2157 510 2222 bello
541 2157 660 2222 ducem
695 2157 861 2242 profiteor,
895 2155 1065 2237 Quirites3
1097 2181 1165 2224 sus·
1187 2174 1217 2220 40

114 2261 202 2345 cipio
236 2261 428 2324 inimicitias
458 2259 631 2324 hominurn
662 2260 892 2345 perditorum;
932 2283 1017 2348 quae
1055 2265 1164 2328 sanari

114 2371 287 2450 poterunt,
316 2385 529 2450 quacumque
556 2365 683 2429 ratione
710 2365 843 2441 sanabo,
873 2387 959 2452 quaa
987 2366 1166 2431 resecanda

114 2476 225 2544 erunt,
236 2489 303 2532 non
313 2469 421 2552 patiar
432 2467 475 2531 ad
487 2469 668 2552 perniciem
680 2470 825 2534 civitatis
837 2491 980 2534 manere.
1019 2470 1165 2536 Proinde

114 2580 176 2637 aut
192 2579 317 2637 exeant
331 2579 391 2636 aut
406 2573 582 2656 quiescant
597 2579 665 2648 aut,
682 2574 711 2636 si
732 2581 767 2638 et
787 2575 822 2637 in
839 2574 919 2638 urbe
944 2582 979 2639 et
1000 2575 1033 2637 in
1050 2574 1165 2639 eadem

114 2685 227 2741 mente
244 2683 449 2760 permanent,
466 2697 514 2752 ea,
531 2697 616 2761 quae
633 2686 813 2753 merentur,
831 2686 1019 2762 expectent.
1188 2695 1217 2740 ct

114 2849 216 2899 words:
239 2848 295 2897 this
315 2849 338 2897 is
360 2848 445 2898 called
468 2848 627 2909 asyndeton.
652 2850 750 2912 quered
764 2851 809 2899 the
822 2856 880 2900 east
890 2849 1057 2912 (Crelghton,
1068 2865 1112 2913 pp.
1123 2851 1172 2902 ‘ll-

114 2926 185 2976 Give
203 2939 240 2973 an
259 2924 383 2987 example
402 2924 474 2974 from
497 2923 573 2974 Caes.
594 2925 627 2986 Ι.,
652 2925 996 2989 723A11en,pp.195-196:
1015 2927 1111 2988 Myers‚
1123 2941 1167 2990 pp.

98 3023 100 3026 ·
113 3002 161 3050 20.
173 3001 207 3050 ad
220 3001 265 3050 fin.
300 2999 390 3048 mihi:
407 3015 450 3050 see
462 3014 497 3049 on
510 3001 523 3062 ξ
535 3001 559 3050 4.
573 3001 613 3050 23.
652 3003 743 3064 96-97;
761 3002 883 3062 Pennell,
896 3017 941 3066 pp.
958 3001 1087 3063 lau-122).

146 3077 194 3128 26.
215 3076 315 3134 oblita,
333 3077 405 3128 from
426 3077 534 3128 ohliao:
558 3078 631 3126 what
684 3077 785 3128 88-40.
803 3078 933 3136 luxuria,
946 3078 1087 3135 amentia,
1103 3091 1170 3128 ece-

113 3156 179 3205 does
191 3155 270 3204 obliti
282 3168 358 3204 come
370 3154 465 3204 from?
652 3155 729 3205 lere:
747 3169 836 3205 aeeon
847 3155 1066 3216 luxuria,§5.5.
1096 3153 1169 3214 Qui·

147 3232 214 3293 §lh
232 3229 278 3278 30.
301 3233 356 3278 aut
382 3230 546 3288 instare,
568 3235 629 3292 etc,
652 3232 742 3280 ritas:
760 3233 913 3294 seeon§1.
930 3234 951 3282 1.
1226 3232 1231 3239 ‘

115 3307 156 3357 ‘is
179 3307 268 3356 either
290 3320 353 3355 now
375 3307 493 3370 actually
509 3307 632 3370 pressing
684 3308 730 3357 42.
748 3309 904 3370 Metaphors
938 3309 1027 3357 from
1051 3321 1166 3370 surgery.

112 3397 189 3447 upon
212 3384 296 3444 them,
321 3396 351 3431 or
373 3389 401 3435 at
424 3383 491 3434 least
519 3385 632 3446 nearing
654 3396 849 3446 quacumque
867 3385 995 3442 ratione,
1008 3399 1043 3434 sc.
1060 3387 1166 3445 potero,

112 3459 210 3511 them!
246 3459 296 3510 See
308 3475 342 3509 on
356 3461 389 3520 Ι.,
403 3460 429 3508 4.
441 3461 468 3524 9,
483 3459 523 3511 10.
656 3462 705 3523 ‘by
717 3475 769 3523 any
781 3461 897 3524 possible
908 3461 1020 3510 rneans.’

145 3536 192 3594 32,
211 3535 257 3585 33.
274 3537 418 3586 nescio
447 3537 546 3600 quod:
571 3538 632 3586 how
685 3537 733 3586 44.
752 3536 876 3585 inurba
893 3536 1168 3596 etin,etc.,‘inthe

111 3627 198 3676 many
220 3614 305 3662 uses?
348 3613 398 3664 See
425 3627 460 3662 on
484 3614 517 3674 1.,
538 3612 584 3661 31.
607 3615 630 3662 2.
655 3613 718 3674 city,
731 3613 785 3662 and
803 3613 832 3662 of
849 3613 897 3662 the
910 3627 983 3662 same
996 3611 1090 3662 mind!
1113 3611 1169 3662 No·

111 3690 214 3740 Which
231 3690 321 3738 here?
353 3689 540 3751 propagarit,
562 3689 632 3738 ‘will
655 3691 707 3738 tice
725 3691 771 3739 the
789 3688 877 3738 litaral
895 3690 949 3738 and
974 3687 1167 3751 rnetaphorical

110 3769 183 3815 have
193 3766 300 3832 added’
318 3765 525 3827 reipublicae,
533 3767 630 3815 dative.
656 3779 716 3815 uses
727 3765 757 3815 ol
768 3767 797 3814 ia
810 3780 839 3814 so
851 3764 949 3826 closely
962 3764 1119 3814 connected.

143 3841 192 3890 36.
209 3842 310 3890 unius.
338 3843 493 3905 Pompeius,
508 3843 570 3891 who
580 3842 632 3890 had
688 3842 804 3903 Explain
827 3842 906 3892 mood
928 3842 957 3891 of
984 3841 1120 3892 fateatur
1141 3840 1165 3901 3,

109 3923 199 3981 swept
210 3919 261 3968 the
272 3932 318 3968 sea
332 3919 362 3968 of
378 3919 487 3982 pirates,
501 3918 554 3968 and
572 3931 635 3967 con·
657 3917 790 3968 deficere
799 3918 837 3979 18,
847 3920 1031 3981 quaererent
1038 3918 1079 3982 20,
1086 3915 1167 3970 forro
