<?xml version="1.0" encoding="UTF-8"?>
<!DOCTYPE html PUBLIC "-//W3C//DTD XHTML 1.0 Transitional//EN"
    "http://www.w3.org/TR/xhtml1/DTD/xhtml1-transitional.dtd">
<html xmlns="http://www.w3.org/1999/xhtml" xml:lang="en" lang="en">
 <head>
  <title>
</title>
<meta http-equiv="Content-Type" content="text/html;charset=utf-8" />
  <meta name='ocr-system' content='tesseract 3.04.00' />
  <meta name='ocr-capabilities' content='ocr_page ocr_carea ocr_par ocr_line ocrx_word'/>
</head>
<body>
  <div class='ocr_page' id='page_1' title='image "./mtulliciceronis05cicegoog/mtulliciceronis05cicegoog_0445.png"; bbox 0 0 2838 4380; ppageno 0'>
   <div class='ocr_carea' id='block_1_1' title="bbox 252 307 1038 387">
    <p class='ocr_par' dir='ltr' id='par_1_1' title="bbox 252 307 1038 387">
     <span class='ocr_line' id='line_1_1' title="bbox 252 307 1038 387; baseline -0.003 0"><span class='ocrx_word' id='word_1_1' title='bbox 252 307 315 387; x_wconf 75' lang='grc'>416</span> <span class='ocrx_word' id='word_1_2' title='bbox 616 329 822 387; x_wconf 74' lang='grc'><strong>1111010110</strong></span> <span class='ocrx_word' id='word_1_3' title='bbox 842 328 1038 386; x_wconf 75' lang='grc'><strong>0111101111.</strong></span> 
     </span>
    </p>
   </div>
   <div class='ocr_carea' id='block_1_2' title="bbox 251 505 1368 2155">
    <p class='ocr_par' dir='ltr' id='par_1_2' title="bbox 251 505 1368 2155">
     <span class='ocr_line' id='line_1_2' title="bbox 305 505 1356 592; baseline 0 -22"><span class='ocrx_word' id='word_1_4' title='bbox 305 507 527 584; x_wconf 78' lang='lat' dir='ltr'>decernerem,</span> <span class='ocrx_word' id='word_1_5' title='bbox 541 508 736 592; x_wconf 76' lang='lat' dir='ltr'>postularet,</span> <span class='ocrx_word' id='word_1_6' title='bbox 750 506 816 572; x_wconf 87' lang='lat' dir='ltr'>feci</span> <span class='ocrx_word' id='word_1_7' title='bbox 829 514 864 572; x_wconf 88' lang='lat' dir='ltr'>et</span> <span class='ocrx_word' id='word_1_8' title='bbox 879 514 1032 572; x_wconf 87' lang='lat' dir='ltr'>accurate</span> <span class='ocrx_word' id='word_1_9' title='bbox 1049 507 1257 572; x_wconf 78' lang='lat' dir='ltr'>sententiam</span> <span class='ocrx_word' id='word_1_10' title='bbox 1275 505 1356 583; x_wconf 84' lang='lat' dir='ltr'>dixi,</span> 
     </span>
     <span class='ocr_line' id='line_1_3' title="bbox 252 611 1357 698; baseline 0.002 -22"><span class='ocrx_word' id='word_1_11' title='bbox 252 623 281 667; x_wconf 85' lang='lat'>60</span> <span class='ocrx_word' id='word_1_12' title='bbox 303 633 379 676; x_wconf 90' lang='lat' dir='ltr'>oum</span> <span class='ocrx_word' id='word_1_13' title='bbox 396 611 551 677; x_wconf 89' lang='lat' dir='ltr'>abessent</span> <span class='ocrx_word' id='word_1_14' title='bbox 566 613 770 687; x_wconf 89' lang='lat' dir='ltr'>consulares,</span> <span class='ocrx_word' id='word_1_15' title='bbox 787 611 879 696; x_wconf 91' lang='lat' dir='ltr'>quod</span> <span class='ocrx_word' id='word_1_16' title='bbox 907 620 981 676; x_wconf 89' lang='lat' dir='ltr'>tuto</span> <span class='ocrx_word' id='word_1_17' title='bbox 1005 634 1040 676; x_wconf 89' lang='lat' dir='ltr'>se</span> <span class='ocrx_word' id='word_1_18' title='bbox 1066 619 1232 698; x_wconf 82' lang='lat' dir='ltr'>negarent</span> <span class='ocrx_word' id='word_1_19' title='bbox 1261 635 1357 697; x_wconf 87' lang='lat' dir='ltr'>posse</span> 
     </span>
     <span class='ocr_line' id='line_1_4' title="bbox 305 715 1358 800; baseline 0 -22"><span class='ocrx_word' id='word_1_20' title='bbox 305 717 507 781; x_wconf 83' lang='lat' dir='ltr'>sententiam</span> <span class='ocrx_word' id='word_1_21' title='bbox 538 716 657 792; x_wconf 89' lang='lat' dir='ltr'>dicere,</span> <span class='ocrx_word' id='word_1_22' title='bbox 689 723 820 800; x_wconf 89' lang='lat' dir='ltr'>praeter</span> <span class='ocrx_word' id='word_1_23' title='bbox 858 716 1052 780; x_wconf 85' lang='lat' dir='ltr'>Messallam</span> <span class='ocrx_word' id='word_1_24' title='bbox 1091 724 1126 780; x_wconf 92' lang='lat' dir='ltr'>et</span> <span class='ocrx_word' id='word_1_25' title='bbox 1161 715 1358 780; x_wconf 86' lang='lat' dir='ltr'>Afranium.</span> 
     </span>
     <span class='ocr_line' id='line_1_5' title="bbox 305 819 1360 898; baseline 0.003 -17"><span class='ocrx_word' id='word_1_26' title='bbox 305 819 447 883; x_wconf 81' lang='lat' dir='ltr'>Factum</span> <span class='ocrx_word' id='word_1_27' title='bbox 463 828 515 884; x_wconf 89' lang='lat' dir='ltr'>est</span> <span class='ocrx_word' id='word_1_28' title='bbox 530 827 667 884; x_wconf 87' lang='lat' dir='ltr'>senatus</span> <span class='ocrx_word' id='word_1_29' title='bbox 685 821 878 884; x_wconf 85' lang='lat' dir='ltr'>consultum</span> <span class='ocrx_word' id='word_1_30' title='bbox 896 821 930 883; x_wconf 92' lang='lat' dir='ltr'>in</span> <span class='ocrx_word' id='word_1_31' title='bbox 954 841 1061 884; x_wconf 89' lang='lat' dir='ltr'>meam</span> <span class='ocrx_word' id='word_1_32' title='bbox 1085 821 1305 898; x_wconf 83' lang='lat' dir='ltr'>sententiam,</span> <span class='ocrx_word' id='word_1_33' title='bbox 1323 831 1360 885; x_wconf 86' lang='lat' dir='ltr'>ut</span> 
     </span>
     <span class='ocr_line' id='line_1_6' title="bbox 305 922 1360 1012; baseline 0.002 -24"><span class='ocrx_word' id='word_1_34' title='bbox 305 945 382 988; x_wconf 93' lang='lat' dir='ltr'>cum</span> <span class='ocrx_word' id='word_1_35' title='bbox 399 922 559 1008; x_wconf 92' lang='lat' dir='ltr'>Pompeio</span> <span class='ocrx_word' id='word_1_36' title='bbox 579 933 743 1010; x_wconf 83' lang='lat' dir='ltr'>ageretur,</span> <span class='ocrx_word' id='word_1_37' title='bbox 761 933 801 988; x_wconf 93' lang='lat' dir='ltr'>ut</span> <span class='ocrx_word' id='word_1_38' title='bbox 825 945 897 988; x_wconf 89' lang='lat' dir='ltr'>eam</span> <span class='ocrx_word' id='word_1_39' title='bbox 923 946 993 988; x_wconf 90' lang='lat' dir='ltr'>rem</span> <span class='ocrx_word' id='word_1_40' title='bbox 1018 925 1213 1010; x_wconf 86' lang='lat' dir='ltr'>susciperet,</span> <span class='ocrx_word' id='word_1_41' title='bbox 1231 925 1360 1012; x_wconf 88' lang='lat' dir='ltr'>lexque</span> 
     </span>
     <span class='ocr_line' id='line_1_7' title="bbox 304 1027 1360 1113; baseline 0.004 -23"><span class='ocrx_word' id='word_1_42' title='bbox 304 1027 466 1103; x_wconf 68' lang='lat' dir='ltr'>ferretum</span> <span class='ocrx_word' id='word_1_43' title='bbox 491 1050 558 1113; x_wconf 92' lang='lat' dir='ltr'>quo</span> <span class='ocrx_word' id='word_1_44' title='bbox 583 1035 718 1092; x_wconf 89' lang='lat' dir='ltr'>senatus</span> <span class='ocrx_word' id='word_1_45' title='bbox 744 1029 899 1092; x_wconf 90' lang='lat' dir='ltr'>consulto</span> <span class='ocrx_word' id='word_1_46' title='bbox 924 1030 1065 1094; x_wconf 87' lang='lat' dir='ltr'>recitato</span> <span class='ocrx_word' id='word_1_47' title='bbox 1091 1030 1257 1094; x_wconf 91' lang='lat' dir='ltr'>continuo</span> <span class='ocrx_word' id='word_1_48' title='bbox 1282 1053 1360 1095; x_wconf 89' lang='lat' dir='ltr'>eum</span> 
     </span>
     <span class='ocr_line' id='line_1_8' title="bbox 251 1132 1360 1218; baseline 0.005 -23"><span class='ocrx_word' id='word_1_49' title='bbox 251 1144 279 1188; x_wconf 81' lang='grc'>65</span> <span class='ocrx_word' id='word_1_50' title='bbox 303 1153 392 1196; x_wconf 89' lang='lat' dir='ltr'>more</span> <span class='ocrx_word' id='word_1_51' title='bbox 423 1132 484 1196; x_wconf 92' lang='lat' dir='ltr'>hoc</span> <span class='ocrx_word' id='word_1_52' title='bbox 516 1133 643 1196; x_wconf 86' lang='lat' dir='ltr'>insulso</span> <span class='ocrx_word' id='word_1_53' title='bbox 674 1141 709 1196; x_wconf 91' lang='lat' dir='ltr'>et</span> <span class='ocrx_word' id='word_1_54' title='bbox 738 1155 826 1197; x_wconf 91' lang='lat' dir='ltr'>novo</span> <span class='ocrx_word' id='word_1_55' title='bbox 857 1134 1014 1218; x_wconf 88' lang='lat' dir='ltr'>plausum</span> <span class='ocrx_word' id='word_1_56' title='bbox 1045 1135 1080 1197; x_wconf 91' lang='lat' dir='ltr'>in</span> <span class='ocrx_word' id='word_1_57' title='bbox 1111 1155 1185 1199; x_wconf 89' lang='lat' dir='ltr'>meo</span> <span class='ocrx_word' id='word_1_58' title='bbox 1220 1137 1360 1200; x_wconf 91' lang='lat' dir='ltr'>nomine</span> 
     </span>
     <span class='ocr_line' id='line_1_9' title="bbox 304 1235 1361 1322; baseline 0.006 -24"><span class='ocrx_word' id='word_1_59' title='bbox 304 1235 475 1300; x_wconf 86' lang='lat' dir='ltr'>recitando</span> <span class='ocrx_word' id='word_1_60' title='bbox 492 1236 648 1312; x_wconf 90' lang='lat' dir='ltr'>dedisset,</span> <span class='ocrx_word' id='word_1_61' title='bbox 666 1235 768 1300; x_wconf 91' lang='lat' dir='ltr'>habui</span> <span class='ocrx_word' id='word_1_62' title='bbox 795 1237 995 1314; x_wconf 91' lang='lat' dir='ltr'>contionem,</span> <span class='ocrx_word' id='word_1_63' title='bbox 1025 1259 1128 1322; x_wconf 91' lang='lat' dir='ltr'>quam</span> <span class='ocrx_word' id='word_1_64' title='bbox 1150 1259 1270 1304; x_wconf 91' lang='lat' dir='ltr'>omnes</span> <span class='ocrx_word' id='word_1_65' title='bbox 1297 1262 1361 1304; x_wconf 91' lang='lat' dir='ltr'>ma-</span> 
     </span>
     <span class='ocr_line' id='line_1_10' title="bbox 304 1341 1361 1427; baseline 0.006 -25"><span class='ocrx_word' id='word_1_66' title='bbox 304 1341 466 1426; x_wconf 87' lang='lat' dir='ltr'>gistratus</span> <span class='ocrx_word' id='word_1_67' title='bbox 498 1348 690 1425; x_wconf 89' lang='lat' dir='ltr'>praesentes</span> <span class='ocrx_word' id='word_1_68' title='bbox 719 1347 852 1425; x_wconf 88' lang='lat' dir='ltr'>praeter</span> <span class='ocrx_word' id='word_1_69' title='bbox 868 1363 974 1405; x_wconf 91' lang='lat' dir='ltr'>unum</span> <span class='ocrx_word' id='word_1_70' title='bbox 998 1349 1184 1427; x_wconf 86' lang='lat' dir='ltr'>praetorem</span> <span class='ocrx_word' id='word_1_71' title='bbox 1211 1351 1250 1407; x_wconf 89' lang='lat' dir='ltr'>et</span> <span class='ocrx_word' id='word_1_72' title='bbox 1274 1343 1361 1409; x_wconf 90' lang='lat' dir='ltr'>duos</span> 
     </span>
     <span class='ocr_line' id='line_1_11' title="bbox 264 1442 1364 1532; baseline 0.005 -24"><span class='ocrx_word' id='word_1_73' title='bbox 264 1447 282 1508; x_wconf 86' lang='grc'><strong>7</strong></span> <span class='ocrx_word' id='word_1_74' title='bbox 309 1442 460 1508; x_wconf 88' lang='lat' dir='ltr'>tribunos</span> <span class='ocrx_word' id='word_1_75' title='bbox 483 1444 529 1529; x_wconf 90' lang='lat' dir='ltr'>pl.</span> <span class='ocrx_word' id='word_1_76' title='bbox 547 1443 722 1509; x_wconf 90' lang='lat' dir='ltr'>dederunt.</span> <span class='ocrx_word' id='word_1_77' title='bbox 770 1443 938 1509; x_wconf 89' lang='lat' dir='ltr'>Postridie</span> <span class='ocrx_word' id='word_1_78' title='bbox 970 1453 1107 1512; x_wconf 89' lang='lat' dir='ltr'>senatus</span> <span class='ocrx_word' id='word_1_79' title='bbox 1135 1445 1305 1532; x_wconf 83' lang='lat' dir='ltr'>frequens</span> <span class='ocrx_word' id='word_1_80' title='bbox 1331 1459 1364 1514; x_wconf 87' lang='lat' dir='ltr'>ei</span> 
     </span>
     <span class='ocr_line' id='line_1_12' title="bbox 305 1547 1363 1637; baseline 0.006 -26"><span class='ocrx_word' id='word_1_81' title='bbox 305 1563 419 1611; x_wconf 83' lang='lat' dir='ltr'>omnes</span> <span class='ocrx_word' id='word_1_82' title='bbox 443 1549 633 1612; x_wconf 88' lang='lat' dir='ltr'>consulares</span> <span class='ocrx_word' id='word_1_83' title='bbox 657 1548 741 1611; x_wconf 90' lang='lat' dir='ltr'>nihil</span> <span class='ocrx_word' id='word_1_84' title='bbox 765 1547 926 1634; x_wconf 91' lang='lat' dir='ltr'>Pompeio</span> <span class='ocrx_word' id='word_1_85' title='bbox 955 1551 1141 1634; x_wconf 89' lang='lat' dir='ltr'>postulanti</span> <span class='ocrx_word' id='word_1_86' title='bbox 1166 1563 1363 1637; x_wconf 88' lang='lat' dir='ltr'>negarunt;</span> 
     </span>
     <span class='ocr_line' id='line_1_13' title="bbox 252 1651 1364 1742; baseline 0.01 -31"><span class='ocrx_word' id='word_1_87' title='bbox 252 1652 360 1715; x_wconf 85' lang='lat' dir='ltr'>voille</span> <span class='ocrx_word' id='word_1_88' title='bbox 391 1652 520 1738; x_wconf 88' lang='lat' dir='ltr'>legatos</span> <span class='ocrx_word' id='word_1_89' title='bbox 547 1651 739 1737; x_wconf 90' lang='lat' dir='ltr'>quindecim</span> <span class='ocrx_word' id='word_1_90' title='bbox 771 1675 848 1716; x_wconf 92' lang='lat' dir='ltr'>cum</span> <span class='ocrx_word' id='word_1_91' title='bbox 875 1654 1071 1738; x_wconf 89' lang='lat' dir='ltr'>postularet,</span> <span class='ocrx_word' id='word_1_92' title='bbox 1088 1675 1140 1718; x_wconf 91' lang='lat' dir='ltr'>me</span> <span class='ocrx_word' id='word_1_93' title='bbox 1168 1656 1364 1742; x_wconf 88' lang='lat' dir='ltr'>prinoipem</span> 
     </span>
     <span class='ocr_line' id='line_1_14' title="bbox 307 1755 1364 1848; baseline 0.009 -31"><span class='ocrx_word' id='word_1_94' title='bbox 307 1757 493 1820; x_wconf 89' lang='lat' dir='ltr'>nominavit</span> <span class='ocrx_word' id='word_1_95' title='bbox 508 1765 542 1820; x_wconf 91' lang='lat' dir='ltr'>et</span> <span class='ocrx_word' id='word_1_96' title='bbox 557 1755 599 1820; x_wconf 91' lang='lat' dir='ltr'>ad</span> <span class='ocrx_word' id='word_1_97' title='bbox 612 1759 723 1820; x_wconf 91' lang='lat' dir='ltr'>omnia</span> <span class='ocrx_word' id='word_1_98' title='bbox 740 1778 791 1821; x_wconf 91' lang='lat' dir='ltr'>mc</span> <span class='ocrx_word' id='word_1_99' title='bbox 805 1758 947 1822; x_wconf 91' lang='lat' dir='ltr'>alterum</span> <span class='ocrx_word' id='word_1_100' title='bbox 960 1779 995 1822; x_wconf 89' lang='lat' dir='ltr'>se</span> <span class='ocrx_word' id='word_1_101' title='bbox 1008 1757 1079 1822; x_wconf 84' lang='lat' dir='ltr'>fore</span> <span class='ocrx_word' id='word_1_102' title='bbox 1092 1757 1189 1822; x_wconf 88' lang='lat' dir='ltr'>dixit.</span> <span class='ocrx_word' id='word_1_103' title='bbox 1232 1759 1364 1848; x_wconf 85' lang='lat' dir='ltr'>Legem</span> 
     </span>
     <span class='ocr_line' id='line_1_15' title="bbox 305 1860 1366 1950; baseline 0.008 -26"><span class='ocrx_word' id='word_1_104' title='bbox 305 1860 460 1924; x_wconf 89' lang='lat' dir='ltr'>consules</span> <span class='ocrx_word' id='word_1_105' title='bbox 491 1862 772 1945; x_wconf 88' lang='lat' dir='ltr'>conscripserunt,</span> <span class='ocrx_word' id='word_1_106' title='bbox 790 1883 858 1946; x_wconf 92' lang='lat' dir='ltr'>qua</span> <span class='ocrx_word' id='word_1_107' title='bbox 885 1862 1046 1947; x_wconf 90' lang='lat' dir='ltr'>Pompeio</span> <span class='ocrx_word' id='word_1_108' title='bbox 1077 1885 1137 1947; x_wconf 92' lang='lat' dir='ltr'>per</span> <span class='ocrx_word' id='word_1_109' title='bbox 1167 1864 1366 1950; x_wconf 91' lang='lat' dir='ltr'>quinquen·</span> 
     </span>
     <span class='ocr_line' id='line_1_16' title="bbox 305 1965 1367 2050; baseline 0.008 -24"><span class='ocrx_word' id='word_1_110' title='bbox 305 1965 399 2027; x_wconf 89' lang='lat' dir='ltr'>nium</span> <span class='ocrx_word' id='word_1_111' title='bbox 415 1965 522 2029; x_wconf 90' lang='lat' dir='ltr'>omnis</span> <span class='ocrx_word' id='word_1_112' title='bbox 539 1972 687 2050; x_wconf 90' lang='lat' dir='ltr'>potestas</span> <span class='ocrx_word' id='word_1_113' title='bbox 712 1967 759 2030; x_wconf 87' lang='lat' dir='ltr'>rei</span> <span class='ocrx_word' id='word_1_114' title='bbox 785 1965 1023 2031; x_wconf 82' lang='lat' dir='ltr'>frumentariae</span> <span class='ocrx_word' id='word_1_115' title='bbox 1052 1974 1123 2031; x_wconf 88' lang='lat' dir='ltr'>toto</span> <span class='ocrx_word' id='word_1_116' title='bbox 1151 1967 1231 2032; x_wconf 89' lang='lat' dir='ltr'>orbe</span> <span class='ocrx_word' id='word_1_117' title='bbox 1261 1977 1367 2034; x_wconf 89' lang='lat' dir='ltr'>terra·</span> 
     </span>
     <span class='ocr_line' id='line_1_17' title="bbox 304 2067 1368 2155; baseline 0.008 -25"><span class='ocrx_word' id='word_1_118' title='bbox 304 2089 379 2132; x_wconf 92' lang='lat' dir='ltr'>rum</span> <span class='ocrx_word' id='word_1_119' title='bbox 395 2067 549 2144; x_wconf 84' lang='lat' dir='ltr'>daretur3</span> <span class='ocrx_word' id='word_1_120' title='bbox 574 2069 712 2133; x_wconf 89' lang='lat' dir='ltr'>alteram</span> <span class='ocrx_word' id='word_1_121' title='bbox 729 2069 885 2146; x_wconf 67' lang='lat' dir='ltr'>Messius</span> <span class='ocrx_word' id='word_1_122' title='bbox 903 2073 963 2155; x_wconf 91' lang='lat' dir='ltr'>qui</span> <span class='ocrx_word' id='word_1_123' title='bbox 979 2072 1087 2135; x_wconf 90' lang='lat' dir='ltr'>omnis</span> <span class='ocrx_word' id='word_1_124' title='bbox 1111 2073 1280 2155; x_wconf 90' lang='lat' dir='ltr'>pecuniae</span> <span class='ocrx_word' id='word_1_125' title='bbox 1309 2075 1368 2139; x_wconf 89' lang='lat' dir='ltr'>dat</span> 
     </span>
    </p>
   </div>
   <div class='ocr_carea' id='block_1_3' title="bbox 251 2172 1369 2462">
    <p class='ocr_par' dir='ltr' id='par_1_3' title="bbox 251 2172 1369 2462">
     <span class='ocr_line' id='line_1_18' title="bbox 251 2172 1366 2260; baseline 0.004 -23"><span class='ocrx_word' id='word_1_126' title='bbox 251 2183 280 2228; x_wconf 81' lang='lat'>⁷5</span> <span class='ocrx_word' id='word_1_127' title='bbox 302 2180 503 2257; x_wconf 87' lang='lat' dir='ltr'>potestatem</span> <span class='ocrx_word' id='word_1_128' title='bbox 526 2179 561 2236; x_wconf 91' lang='lat' dir='ltr'>et</span> <span class='ocrx_word' id='word_1_129' title='bbox 583 2172 740 2260; x_wconf 87' lang='lat' dir='ltr'>adiungit</span> <span class='ocrx_word' id='word_1_130' title='bbox 769 2174 908 2238; x_wconf 89' lang='lat' dir='ltr'>classem</span> <span class='ocrx_word' id='word_1_131' title='bbox 933 2183 967 2238; x_wconf 89' lang='lat' dir='ltr'>et</span> <span class='ocrx_word' id='word_1_132' title='bbox 990 2175 1177 2239; x_wconf 89' lang='lat' dir='ltr'>exercitum</span> <span class='ocrx_word' id='word_1_133' title='bbox 1194 2184 1232 2242; x_wconf 87' lang='lat' dir='ltr'>et</span> <span class='ocrx_word' id='word_1_134' title='bbox 1251 2181 1366 2242; x_wconf 90' lang='lat' dir='ltr'>maius</span> 
     </span>
     <span class='ocr_line' id='line_1_19' title="bbox 303 2277 1369 2363; baseline 0.008 -23"><span class='ocrx_word' id='word_1_135' title='bbox 303 2277 480 2362; x_wconf 85' lang='lat' dir='ltr'>imperium</span> <span class='ocrx_word' id='word_1_136' title='bbox 496 2278 530 2339; x_wconf 94' lang='lat' dir='ltr'>in</span> <span class='ocrx_word' id='word_1_137' title='bbox 547 2278 738 2361; x_wconf 86' lang='lat' dir='ltr'>provinciis,</span> <span class='ocrx_word' id='word_1_138' title='bbox 757 2299 856 2363; x_wconf 89' lang='lat' dir='ltr'>quam</span> <span class='ocrx_word' id='word_1_139' title='bbox 873 2279 917 2342; x_wconf 90' lang='lat' dir='ltr'>sit</span> <span class='ocrx_word' id='word_1_140' title='bbox 933 2300 1058 2356; x_wconf 88' lang='lat' dir='ltr'>eorum,</span> <span class='ocrx_word' id='word_1_141' title='bbox 1076 2280 1136 2363; x_wconf 90' lang='lat' dir='ltr'>qni</span> <span class='ocrx_word' id='word_1_142' title='bbox 1159 2301 1216 2344; x_wconf 86' lang='lat' dir='ltr'>eas</span> <span class='ocrx_word' id='word_1_143' title='bbox 1234 2281 1369 2348; x_wconf 89' lang='lat' dir='ltr'>obtine-</span> 
     </span>
     <span class='ocr_line' id='line_1_20' title="bbox 304 2381 1367 2462; baseline 0.007 -17"><span class='ocrx_word' id='word_1_144' title='bbox 304 2390 377 2446; x_wconf 89' lang='lat' dir='ltr'>ant:</span> <span class='ocrx_word' id='word_1_145' title='bbox 402 2381 460 2445; x_wconf 91' lang='lat' dir='ltr'>illa</span> <span class='ocrx_word' id='word_1_146' title='bbox 485 2389 598 2445; x_wconf 89' lang='lat' dir='ltr'>nostra</span> <span class='ocrx_word' id='word_1_147' title='bbox 621 2381 676 2446; x_wconf 89' lang='lat' dir='ltr'>lex</span> <span class='ocrx_word' id='word_1_148' title='bbox 701 2383 884 2447; x_wconf 89' lang='lat' dir='ltr'>consularis</span> <span class='ocrx_word' id='word_1_149' title='bbox 912 2404 1002 2447; x_wconf 91' lang='lat' dir='ltr'>nunc</span> <span class='ocrx_word' id='word_1_150' title='bbox 1030 2383 1182 2448; x_wconf 88' lang='lat' dir='ltr'>modesta</span> <span class='ocrx_word' id='word_1_151' title='bbox 1208 2385 1367 2462; x_wconf 87' lang='lat' dir='ltr'>videtur,</span> 
     </span>
    </p>
   </div>
   <div class='ocr_carea' id='block_1_4' title="bbox 278 2571 1370 3932">
    <p class='ocr_par' dir='ltr' id='par_1_4' title="bbox 301 2571 1369 3167">
     <span class='ocr_line' id='line_1_21' title="bbox 333 2571 1368 2638; baseline 0.007 -18"><span class='ocrx_word' id='word_1_152' title='bbox 333 2571 435 2621; x_wconf 78' lang='grc'><strong>59-63.</strong></span> <span class='ocrx_word' id='word_1_153' title='bbox 449 2572 656 2631; x_wconf 82' lang='lat' dir='ltr'>decernerem,</span> <span class='ocrx_word' id='word_1_154' title='bbox 666 2578 810 2636; x_wconf 85' lang='lat' dir='ltr'>pregnant:</span> <span class='ocrx_word' id='word_1_155' title='bbox 844 2574 931 2623; x_wconf 88' lang='lat' dir='ltr'>would</span> <span class='ocrx_word' id='word_1_156' title='bbox 944 2575 976 2624; x_wconf 90' lang='lat' dir='ltr'>be</span> <span class='ocrx_word' id='word_1_157' title='bbox 989 2575 1082 2638; x_wconf 88' lang='lat' dir='ltr'>signed</span> <span class='ocrx_word' id='word_1_158' title='bbox 1095 2580 1123 2624; x_wconf 88' lang='lat' dir='ltr'>to</span> <span class='ocrx_word' id='word_1_159' title='bbox 1135 2574 1182 2624; x_wconf 89' lang='lat' dir='ltr'>the</span> <span class='ocrx_word' id='word_1_160' title='bbox 1194 2575 1368 2627; x_wconf 86' lang='lat' dir='ltr'>resolution:</span> 
     </span>
     <span class='ocr_line' id='line_1_22' title="bbox 302 2647 1367 2713; baseline 0.007 -16"><span class='ocrx_word' id='word_1_161' title='bbox 302 2661 345 2697; x_wconf 87' lang='lat' dir='ltr'>see</span> <span class='ocrx_word' id='word_1_162' title='bbox 357 2662 392 2697; x_wconf 93' lang='lat' dir='ltr'>on</span> <span class='ocrx_word' id='word_1_163' title='bbox 404 2647 455 2697; x_wconf 92' lang='lat' dir='ltr'>IV.</span> <span class='ocrx_word' id='word_1_164' title='bbox 464 2647 510 2696; x_wconf 93' lang='lat'>10.</span> <span class='ocrx_word' id='word_1_165' title='bbox 519 2648 629 2710; x_wconf 67' lang='lat'>16324.</span> <span class='ocrx_word' id='word_1_166' title='bbox 652 2647 813 2706; x_wconf 85' lang='lat' dir='ltr'>ieci,⁴Idid</span> <span class='ocrx_word' id='word_1_167' title='bbox 842 2664 886 2700; x_wconf 89' lang='lat' dir='ltr'>see</span> <span class='ocrx_word' id='word_1_168' title='bbox 908 2665 934 2713; x_wconf 90' lang='lat' dir='ltr'>p.</span> <span class='ocrx_word' id='word_1_169' title='bbox 947 2650 1013 2712; x_wconf 79' lang='lat'>76,§</span> <span class='ocrx_word' id='word_1_170' title='bbox 1033 2651 1086 2700; x_wconf 80' lang='lat'>109,</span> <span class='ocrx_word' id='word_1_171' title='bbox 1134 2649 1299 2701; x_wconf 78' lang='lat' dir='ltr'>dedisset:</span> <span class='ocrx_word' id='word_1_172' title='bbox 1330 2669 1367 2704; x_wconf 84' lang='lat' dir='ltr'>sc.</span> 
     </span>
     <span class='ocr_line' id='line_1_23' title="bbox 301 2723 1369 2788; baseline 0.006 -15"><span class='ocrx_word' id='word_1_173' title='bbox 301 2724 358 2773; x_wconf 88' lang='lat' dir='ltr'>so:&#39;</span> <span class='ocrx_word' id='word_1_174' title='bbox 370 2725 416 2773; x_wconf 90' lang='lat' dir='ltr'>the</span> <span class='ocrx_word' id='word_1_175' title='bbox 429 2723 587 2786; x_wconf 81' lang='lat' dir='ltr'>verbsccio,</span> <span class='ocrx_word' id='word_1_176' title='bbox 599 2739 628 2774; x_wconf 86' lang='lat' dir='ltr'>as</span> <span class='ocrx_word' id='word_1_177' title='bbox 642 2726 688 2774; x_wconf 89' lang='lat' dir='ltr'>the</span> <span class='ocrx_word' id='word_1_178' title='bbox 699 2724 813 2788; x_wconf 81' lang='lat' dir='ltr'>English</span> <span class='ocrx_word' id='word_1_179' title='bbox 838 2725 922 2785; x_wconf 80' lang='lat' dir='ltr'>plebs.</span> <span class='ocrx_word' id='word_1_180' title='bbox 960 2724 1121 2782; x_wconf 83' lang='lat' dir='ltr'>dederunt.</span> <span class='ocrx_word' id='word_1_181' title='bbox 1136 2724 1306 2776; x_wconf 75' lang='lat' dir='ltr'>‘allowedx’</span> <span class='ocrx_word' id='word_1_182' title='bbox 1324 2745 1369 2779; x_wconf 89' lang='lat' dir='ltr'>see</span> 
     </span>
     <span class='ocr_line' id='line_1_24' title="bbox 303 2799 1369 2868; baseline 0.005 -19"><span class='ocrx_word' id='word_1_183' title='bbox 303 2799 372 2861; x_wconf 88' lang='lat' dir='ltr'>‘do,’</span> <span class='ocrx_word' id='word_1_184' title='bbox 387 2801 409 2850; x_wconf 90' lang='lat' dir='ltr'>is</span> <span class='ocrx_word' id='word_1_185' title='bbox 421 2801 487 2850; x_wconf 88' lang='lat' dir='ltr'>used</span> <span class='ocrx_word' id='word_1_186' title='bbox 504 2806 532 2850; x_wconf 91' lang='lat' dir='ltr'>to</span> <span class='ocrx_word' id='word_1_187' title='bbox 553 2801 632 2850; x_wconf 85' lang='lat' dir='ltr'>avoid</span> <span class='ocrx_word' id='word_1_188' title='bbox 652 2801 698 2850; x_wconf 89' lang='lat' dir='ltr'>the</span> <span class='ocrx_word' id='word_1_189' title='bbox 718 2803 813 2863; x_wconf 86' lang='lat' dir='ltr'>repeti·</span> <span class='ocrx_word' id='word_1_190' title='bbox 841 2815 867 2863; x_wconf 91' lang='lat' dir='ltr'>p.</span> <span class='ocrx_word' id='word_1_191' title='bbox 881 2802 921 2863; x_wconf 83' lang='lat'>62,</span> <span class='ocrx_word' id='word_1_192' title='bbox 936 2803 965 2864; x_wconf 67' lang='lat'>§5</span> <span class='ocrx_word' id='word_1_193' title='bbox 977 2803 1017 2864; x_wconf 81' lang='lat'>42,</span> <span class='ocrx_word' id='word_1_194' title='bbox 1031 2802 1070 2852; x_wconf 89' lang='lat'>43.</span> <span class='ocrx_word' id='word_1_195' title='bbox 1107 2801 1201 2851; x_wconf 86' lang='lat' dir='ltr'>Cicero</span> <span class='ocrx_word' id='word_1_196' title='bbox 1219 2816 1250 2852; x_wconf 90' lang='lat' dir='ltr'>as</span> <span class='ocrx_word' id='word_1_197' title='bbox 1272 2818 1292 2852; x_wconf 89' lang='lat' dir='ltr'>a</span> <span class='ocrx_word' id='word_1_198' title='bbox 1315 2807 1369 2868; x_wconf 89' lang='lat' dir='ltr'>pri·</span> 
     </span>
     <span class='ocr_line' id='line_1_25' title="bbox 301 2875 1368 2941; baseline 0.005 -16"><span class='ocrx_word' id='word_1_199' title='bbox 301 2877 360 2926; x_wconf 89' lang='lat' dir='ltr'>tion</span> <span class='ocrx_word' id='word_1_200' title='bbox 388 2878 418 2927; x_wconf 85' lang='lat' dir='ltr'>oi</span> <span class='ocrx_word' id='word_1_201' title='bbox 445 2892 461 2926; x_wconf 93' lang='lat' dir='ltr'>a</span> <span class='ocrx_word' id='word_1_202' title='bbox 483 2878 626 2941; x_wconf 80' lang='lat' dir='ltr'>preceding</span> <span class='ocrx_word' id='word_1_203' title='bbox 651 2878 715 2926; x_wconf 90' lang='lat' dir='ltr'>verb</span> <span class='ocrx_word' id='word_1_204' title='bbox 740 2876 814 2940; x_wconf 86' lang='lat' dir='ltr'>(here</span> <span class='ocrx_word' id='word_1_205' title='bbox 841 2882 902 2926; x_wconf 88' lang='lat' dir='ltr'>vate</span> <span class='ocrx_word' id='word_1_206' title='bbox 914 2877 1012 2926; x_wconf 87' lang='lat' dir='ltr'>citizen</span> <span class='ocrx_word' id='word_1_207' title='bbox 1024 2877 1104 2926; x_wconf 89' lang='lat' dir='ltr'>could</span> <span class='ocrx_word' id='word_1_208' title='bbox 1116 2875 1247 2926; x_wconf 89' lang='lat' dir='ltr'>delivera</span> <span class='ocrx_word' id='word_1_209' title='bbox 1269 2883 1368 2930; x_wconf 83' lang='lat' dir='ltr'>contio</span> 
     </span>
     <span class='ocr_line' id='line_1_26' title="bbox 302 2951 1368 3018; baseline 0.003 -16"><span class='ocrx_word' id='word_1_210' title='bbox 302 2953 419 3015; x_wconf 83' lang='lat' dir='ltr'>decrevi)</span> <span class='ocrx_word' id='word_1_211' title='bbox 437 2953 466 3002; x_wconf 82' lang='lat' dir='ltr'>oi</span> <span class='ocrx_word' id='word_1_212' title='bbox 483 2968 536 3016; x_wconf 88' lang='lat' dir='ltr'>any</span> <span class='ocrx_word' id='word_1_213' title='bbox 553 2955 688 3018; x_wconf 86' lang='lat' dir='ltr'>meaning.</span> <span class='ocrx_word' id='word_1_214' title='bbox 724 2966 815 3002; x_wconf 83' lang='lat' dir='ltr'>aecu—</span> <span class='ocrx_word' id='word_1_215' title='bbox 841 2951 905 3014; x_wconf 89' lang='lat' dir='ltr'>only</span> <span class='ocrx_word' id='word_1_216' title='bbox 925 2952 959 3014; x_wconf 95' lang='lat' dir='ltr'>by</span> <span class='ocrx_word' id='word_1_217' title='bbox 986 2952 1146 3014; x_wconf 90' lang='lat' dir='ltr'>permission</span> <span class='ocrx_word' id='word_1_218' title='bbox 1166 2953 1196 3001; x_wconf 88' lang='lat' dir='ltr'>oi</span> <span class='ocrx_word' id='word_1_219' title='bbox 1223 2967 1240 3000; x_wconf 90' lang='lat' dir='ltr'>a</span> <span class='ocrx_word' id='word_1_220' title='bbox 1260 2957 1368 3016; x_wconf 73' lang='lat' dir='ltr'>magis-</span> 
     </span>
     <span class='ocr_line' id='line_1_27' title="bbox 301 3019 1369 3092; baseline 0.002 -15"><span class='ocrx_word' id='word_1_221' title='bbox 301 3033 375 3087; x_wconf 83' lang='lat' dir='ltr'>rate,</span> <span class='ocrx_word' id='word_1_222' title='bbox 390 3030 644 3092; x_wconf 84' lang='lat' dir='ltr'>‘inasetspeech’</span> <span class='ocrx_word' id='word_1_223' title='bbox 681 3029 811 3080; x_wconf 78' lang='lat' dir='ltr'>Messal-</span> <span class='ocrx_word' id='word_1_224' title='bbox 840 3035 918 3077; x_wconf 82' lang='lat' dir='ltr'>irate.</span> <span class='ocrx_word' id='word_1_225' title='bbox 970 3031 1099 3076; x_wconf 77' lang='lat' dir='ltr'>senatus</span> <span class='ocrx_word' id='word_1_226' title='bbox 1138 3019 1369 3088; x_wconf 77' lang='lat' dir='ltr'>frequens:</span> 
     </span>
     <span class='ocr_line' id='line_1_28' title="bbox 301 3102 1369 3167; baseline 0.003 -13"><span class='ocrx_word' id='word_1_227' title='bbox 301 3104 812 3163; x_wconf 86' lang='lat' dir='ltr'>lam,consulin61:seeonSull.20.</span> <span class='ocrx_word' id='word_1_228' title='bbox 840 3117 883 3152; x_wconf 88' lang='lat' dir='ltr'>see</span> <span class='ocrx_word' id='word_1_229' title='bbox 905 3118 941 3154; x_wconf 91' lang='lat' dir='ltr'>on</span> <span class='ocrx_word' id='word_1_230' title='bbox 969 3102 1129 3165; x_wconf 82' lang='lat'><strong>111‚⁷.21;</strong></span> <span class='ocrx_word' id='word_1_231' title='bbox 1153 3117 1179 3166; x_wconf 87' lang='lat' dir='ltr'>p.</span> <span class='ocrx_word' id='word_1_232' title='bbox 1204 3104 1246 3164; x_wconf 80' lang='lat'>76,</span> <span class='ocrx_word' id='word_1_233' title='bbox 1277 3107 1293 3167; x_wconf 61' lang='grc' dir='ltr'><strong>ἓ</strong></span> <span class='ocrx_word' id='word_1_234' title='bbox 1321 3109 1369 3157; x_wconf 88' lang='grc'>108</span> 
     </span>
    </p>

    <p class='ocr_par' dir='ltr' id='par_1_5' title="bbox 278 3179 1369 3550">
     <span class='ocr_line' id='line_1_29' title="bbox 278 3179 928 3238; baseline 0.003 -10"><span class='ocrx_word' id='word_1_235' title='bbox 278 3231 281 3238; x_wconf 68' lang='grc'>,</span> <span class='ocrx_word' id='word_1_236' title='bbox 301 3181 341 3229; x_wconf 88' lang='grc'>31.</span> <span class='ocrx_word' id='word_1_237' title='bbox 360 3180 529 3238; x_wconf 77' lang='lat' dir='ltr'>Afranium,</span> <span class='ocrx_word' id='word_1_238' title='bbox 538 3183 631 3232; x_wconf 89' lang='lat' dir='ltr'>consul</span> <span class='ocrx_word' id='word_1_239' title='bbox 642 3184 667 3230; x_wconf 93' lang='lat' dir='ltr'>in</span> <span class='ocrx_word' id='word_1_240' title='bbox 676 3185 770 3232; x_wconf 81' lang='lat' dir='ltr'>60:see</span> <span class='ocrx_word' id='word_1_241' title='bbox 778 3196 814 3231; x_wconf 93' lang='lat' dir='ltr'>on</span> <span class='ocrx_word' id='word_1_242' title='bbox 840 3179 873 3228; x_wconf 85' lang='lat' dir='ltr'>ad</span> <span class='ocrx_word' id='word_1_243' title='bbox 883 3179 928 3228; x_wconf 89' lang='lat' dir='ltr'>fin.</span> 
     </span>
     <span class='ocr_line' id='line_1_30' title="bbox 303 3253 1368 3318; baseline 0.002 -12"><span class='ocrx_word' id='word_1_244' title='bbox 303 3257 352 3318; x_wconf 81' lang='lat' dir='ltr'>Ep.</span> <span class='ocrx_word' id='word_1_245' title='bbox 364 3257 417 3306; x_wconf 88' lang='lat'>111.</span> <span class='ocrx_word' id='word_1_246' title='bbox 431 3258 477 3305; x_wconf 87' lang='lat'>12.</span> <span class='ocrx_word' id='word_1_247' title='bbox 490 3258 544 3308; x_wconf 79' lang='lat'><strong>171.</strong></span> <span class='ocrx_word' id='word_1_248' title='bbox 564 3259 647 3308; x_wconf 86' lang='lat' dir='ltr'>What</span> <span class='ocrx_word' id='word_1_249' title='bbox 659 3259 681 3308; x_wconf 89' lang='lat' dir='ltr'>is</span> <span class='ocrx_word' id='word_1_250' title='bbox 693 3260 727 3308; x_wconf 92' lang='lat' dir='ltr'>he</span> <span class='ocrx_word' id='word_1_251' title='bbox 739 3259 814 3308; x_wconf 87' lang='lat' dir='ltr'>there</span> <span class='ocrx_word' id='word_1_252' title='bbox 873 3256 886 3316; x_wconf 66' lang='grc' dir='ltr'><strong>ἓ</strong></span> <span class='ocrx_word' id='word_1_253' title='bbox 899 3261 920 3306; x_wconf 82' lang='grc'>7.</span> <span class='ocrx_word' id='word_1_254' title='bbox 938 3255 1041 3305; x_wconf 80' lang='grc'><strong>71-74.</strong></span> <span class='ocrx_word' id='word_1_255' title='bbox 1060 3267 1110 3304; x_wconf 84' lang='lat' dir='ltr'>me</span> <span class='ocrx_word' id='word_1_256' title='bbox 1123 3291 1128 3303; x_wconf 94' lang='lat'><em>.</em></span> <span class='ocrx_word' id='word_1_257' title='bbox 1142 3290 1165 3303; x_wconf 92' lang='lat'>..</span> <span class='ocrx_word' id='word_1_258' title='bbox 1183 3253 1280 3314; x_wconf 82' lang='lat' dir='ltr'>dixit,</span> <span class='ocrx_word' id='word_1_259' title='bbox 1294 3257 1368 3308; x_wconf 86' lang='lat' dir='ltr'>‘and</span> 
     </span>
     <span class='ocr_line' id='line_1_31' title="bbox 302 3327 1369 3400; baseline 0.004 -19"><span class='ocrx_word' id='word_1_260' title='bbox 302 3333 402 3383; x_wconf 79' lang='lat' dir='ltr'>called?</span> <span class='ocrx_word' id='word_1_261' title='bbox 414 3337 449 3381; x_wconf 87' lang='lat' dir='ltr'>ut</span> <span class='ocrx_word' id='word_1_262' title='bbox 458 3370 463 3381; x_wconf 90' lang='lat'><em>.</em></span> <span class='ocrx_word' id='word_1_263' title='bbox 472 3369 489 3380; x_wconf 94' lang='lat'>..</span> <span class='ocrx_word' id='word_1_264' title='bbox 500 3338 647 3400; x_wconf 81' lang='lat' dir='ltr'>ageretur,</span> <span class='ocrx_word' id='word_1_265' title='bbox 658 3335 814 3384; x_wconf 84' lang='lat' dir='ltr'>‘thatPorn-</span> <span class='ocrx_word' id='word_1_266' title='bbox 840 3331 898 3380; x_wconf 88' lang='lat' dir='ltr'>said</span> <span class='ocrx_word' id='word_1_267' title='bbox 907 3327 971 3380; x_wconf 72' lang='lat' dir='ltr'>&#39;that</span> <span class='ocrx_word' id='word_1_268' title='bbox 983 3332 997 3380; x_wconf 92' lang='lat'>1</span> <span class='ocrx_word' id='word_1_269' title='bbox 1011 3331 1108 3382; x_wconf 86' lang='lat' dir='ltr'>should</span> <span class='ocrx_word' id='word_1_270' title='bbox 1121 3331 1195 3380; x_wconf 88' lang='lat' dir='ltr'>bein</span> <span class='ocrx_word' id='word_1_271' title='bbox 1208 3330 1246 3380; x_wconf 90' lang='lat' dir='ltr'>all</span> <span class='ocrx_word' id='word_1_272' title='bbox 1266 3335 1369 3398; x_wconf 87' lang='lat' dir='ltr'>things</span> 
     </span>
     <span class='ocr_line' id='line_1_32' title="bbox 302 3407 1369 3474; baseline 0.003 -16"><span class='ocrx_word' id='word_1_273' title='bbox 302 3410 378 3471; x_wconf 88' lang='lat' dir='ltr'>peius</span> <span class='ocrx_word' id='word_1_274' title='bbox 385 3409 519 3459; x_wconf 89' lang='lat' dir='ltr'>shouldbe</span> <span class='ocrx_word' id='word_1_275' title='bbox 525 3411 625 3474; x_wconf 86' lang='lat' dir='ltr'>urged‚’</span> <span class='ocrx_word' id='word_1_276' title='bbox 636 3426 665 3460; x_wconf 86' lang='lat' dir='ltr'>as</span> <span class='ocrx_word' id='word_1_277' title='bbox 671 3411 692 3460; x_wconf 82' lang='lat' dir='ltr'>if</span> <span class='ocrx_word' id='word_1_278' title='bbox 700 3412 814 3474; x_wconf 88' lang='lat' dir='ltr'>Pompe·</span> <span class='ocrx_word' id='word_1_279' title='bbox 839 3409 882 3457; x_wconf 86' lang='lat' dir='ltr'>his</span> <span class='ocrx_word' id='word_1_280' title='bbox 894 3409 992 3458; x_wconf 88' lang='lat' dir='ltr'>second</span> <span class='ocrx_word' id='word_1_281' title='bbox 1005 3408 1075 3458; x_wconf 65' lang='lat' dir='ltr'>seli!</span> <span class='ocrx_word' id='word_1_282' title='bbox 1111 3407 1201 3457; x_wconf 85' lang='lat' dir='ltr'>orbe:</span> <span class='ocrx_word' id='word_1_283' title='bbox 1215 3409 1284 3472; x_wconf 85' lang='lat' dir='ltr'>why</span> <span class='ocrx_word' id='word_1_284' title='bbox 1295 3412 1320 3460; x_wconf 87' lang='lat' dir='ltr'>is</span> <span class='ocrx_word' id='word_1_285' title='bbox 1331 3427 1369 3461; x_wconf 91' lang='lat' dir='ltr'>no</span> 
     </span>
     <span class='ocr_line' id='line_1_33' title="bbox 302 3483 1366 3550; baseline 0.003 -16"><span class='ocrx_word' id='word_1_286' title='bbox 302 3485 343 3534; x_wconf 88' lang='lat' dir='ltr'>ius</span> <span class='ocrx_word' id='word_1_287' title='bbox 351 3486 472 3549; x_wconf 89' lang='lat' dir='ltr'>required</span> <span class='ocrx_word' id='word_1_288' title='bbox 482 3487 666 3550; x_wconf 78' lang='lat' dir='ltr'>urgingzseel.</span> <span class='ocrx_word' id='word_1_289' title='bbox 676 3487 707 3536; x_wconf 84' lang='lat'>58</span> <span class='ocrx_word' id='word_1_290' title='bbox 716 3486 813 3536; x_wconf 89' lang='lat' dir='ltr'>above!</span> <span class='ocrx_word' id='word_1_291' title='bbox 840 3485 1006 3546; x_wconf 89' lang='lat' dir='ltr'>preposition</span> <span class='ocrx_word' id='word_1_292' title='bbox 1035 3484 1124 3534; x_wconf 79' lang='lat' dir='ltr'>used?</span> <span class='ocrx_word' id='word_1_293' title='bbox 1157 3483 1208 3534; x_wconf 88' lang='lat' dir='ltr'>See</span> <span class='ocrx_word' id='word_1_294' title='bbox 1232 3498 1273 3534; x_wconf 89' lang='lat' dir='ltr'>on</span> <span class='ocrx_word' id='word_1_295' title='bbox 1294 3487 1366 3537; x_wconf 91' lang='lat' dir='ltr'>Sull.</span> 
     </span>
    </p>

    <p class='ocr_par' dir='ltr' id='par_1_6' title="bbox 301 3559 1370 3932">
     <span class='ocr_line' id='line_1_34' title="bbox 334 3559 1370 3625; baseline 0.004 -15"><span class='ocrx_word' id='word_1_296' title='bbox 334 3559 435 3610; x_wconf 79' lang='lat' dir='ltr'>64-ea</span> <span class='ocrx_word' id='word_1_297' title='bbox 462 3563 603 3620; x_wconf 87' lang='lat' dir='ltr'>recitato,</span> <span class='ocrx_word' id='word_1_298' title='bbox 631 3563 728 3625; x_wconf 74' lang='lat' dir='ltr'>‘read&#39;</span> <span class='ocrx_word' id='word_1_299' title='bbox 757 3564 811 3624; x_wconf 88' lang='lat' dir='ltr'>i.e.,</span> <span class='ocrx_word' id='word_1_300' title='bbox 838 3560 884 3609; x_wconf 82' lang='lat'>42.</span> <span class='ocrx_word' id='word_1_301' title='bbox 904 3561 927 3610; x_wconf 85' lang='lat'>6.</span> <span class='ocrx_word' id='word_1_302' title='bbox 963 3559 1114 3610; x_wconf 79' lang='lat' dir='ltr'>Messius:</span> <span class='ocrx_word' id='word_1_303' title='bbox 1138 3559 1168 3609; x_wconf 81' lang='grc' dir='ltr'>Ο.</span> <span class='ocrx_word' id='word_1_304' title='bbox 1191 3560 1330 3625; x_wconf 86' lang='lat' dir='ltr'>Messius,</span> <span class='ocrx_word' id='word_1_305' title='bbox 1353 3579 1370 3613; x_wconf 83' lang='lat' dir='ltr'>a</span> 
     </span>
     <span class='ocr_line' id='line_1_35' title="bbox 302 3635 1367 3702; baseline 0.005 -15"><span class='ocrx_word' id='word_1_306' title='bbox 302 3644 331 3687; x_wconf 88' lang='lat' dir='ltr'>to</span> <span class='ocrx_word' id='word_1_307' title='bbox 353 3639 414 3688; x_wconf 89' lang='lat' dir='ltr'>the</span> <span class='ocrx_word' id='word_1_308' title='bbox 437 3639 580 3702; x_wconf 89' lang='lat' dir='ltr'>people.</span> <span class='ocrx_word' id='word_1_309' title='bbox 632 3652 812 3688; x_wconf 80' lang='lat' dir='ltr'>more..,</span> <span class='ocrx_word' id='word_1_310' title='bbox 838 3638 946 3687; x_wconf 84' lang='lat' dir='ltr'>tribune</span> <span class='ocrx_word' id='word_1_311' title='bbox 973 3638 1026 3687; x_wconf 90' lang='lat' dir='ltr'>and</span> <span class='ocrx_word' id='word_1_312' title='bbox 1055 3637 1111 3688; x_wconf 84' lang='lat' dir='ltr'>iool</span> <span class='ocrx_word' id='word_1_313' title='bbox 1139 3635 1168 3686; x_wconf 81' lang='lat' dir='ltr'>oi</span> <span class='ocrx_word' id='word_1_314' title='bbox 1196 3636 1367 3702; x_wconf 85' lang='lat' dir='ltr'>Pompeius.</span> 
     </span>
     <span class='ocr_line' id='line_1_36' title="bbox 301 3711 1370 3780; baseline 0.008 -20"><span class='ocrx_word' id='word_1_315' title='bbox 301 3723 393 3770; x_wconf 87' lang='lat' dir='ltr'>novo,</span> <span class='ocrx_word' id='word_1_316' title='bbox 415 3711 460 3762; x_wconf 89' lang='lat' dir='ltr'>‘in</span> <span class='ocrx_word' id='word_1_317' title='bbox 480 3713 536 3764; x_wconf 85' lang='lat' dir='ltr'>this</span> <span class='ocrx_word' id='word_1_318' title='bbox 559 3712 681 3762; x_wconf 87' lang='lat' dir='ltr'>tasteless</span> <span class='ocrx_word' id='word_1_319' title='bbox 700 3713 813 3761; x_wconf 87' lang='lat' dir='ltr'>modern</span> <span class='ocrx_word' id='word_1_320' title='bbox 838 3713 890 3764; x_wconf 87' lang='lat' dir='ltr'>His</span> <span class='ocrx_word' id='word_1_321' title='bbox 913 3712 1039 3778; x_wconf 87' lang='lat' dir='ltr'>proposal</span> <span class='ocrx_word' id='word_1_322' title='bbox 1062 3713 1151 3763; x_wconf 84' lang='lat' dir='ltr'>would</span> <span class='ocrx_word' id='word_1_323' title='bbox 1175 3713 1248 3764; x_wconf 88' lang='lat' dir='ltr'>have</span> <span class='ocrx_word' id='word_1_324' title='bbox 1279 3719 1370 3780; x_wconf 85' lang='lat' dir='ltr'>given</span> 
     </span>
     <span class='ocr_line' id='line_1_37' title="bbox 302 3788 1369 3855; baseline 0.007 -18"><span class='ocrx_word' id='word_1_325' title='bbox 302 3788 389 3851; x_wconf 83' lang='lat' dir='ltr'>style&#39;</span> <span class='ocrx_word' id='word_1_326' title='bbox 439 3789 472 3837; x_wconf 89' lang='lat' dir='ltr'>in</span> <span class='ocrx_word' id='word_1_327' title='bbox 490 3825 495 3837; x_wconf 95' lang='lat'>.</span> <span class='ocrx_word' id='word_1_328' title='bbox 513 3824 519 3838; x_wconf 89' lang='lat'><strong>.</strong></span> <span class='ocrx_word' id='word_1_329' title='bbox 536 3825 542 3837; x_wconf 89' lang='lat'><strong><em>.</em></strong></span> <span class='ocrx_word' id='word_1_330' title='bbox 560 3788 731 3846; x_wconf 80' lang='lat' dir='ltr'>recitando.</span> <span class='ocrx_word' id='word_1_331' title='bbox 770 3788 813 3838; x_wconf 85' lang='lat' dir='ltr'>‘at</span> <span class='ocrx_word' id='word_1_332' title='bbox 839 3790 984 3853; x_wconf 89' lang='lat' dir='ltr'>Pompeius</span> <span class='ocrx_word' id='word_1_333' title='bbox 993 3797 1099 3854; x_wconf 86' lang='lat' dir='ltr'>greater</span> <span class='ocrx_word' id='word_1_334' title='bbox 1107 3805 1198 3855; x_wconf 86' lang='lat' dir='ltr'>power</span> <span class='ocrx_word' id='word_1_335' title='bbox 1208 3805 1284 3843; x_wconf 87' lang='lat' dir='ltr'>even</span> <span class='ocrx_word' id='word_1_336' title='bbox 1294 3795 1369 3844; x_wconf 87' lang='lat' dir='ltr'>than</span> 
     </span>
     <span class='ocr_line' id='line_1_38' title="bbox 301 3865 1370 3932; baseline 0.007 -16"><span class='ocrx_word' id='word_1_337' title='bbox 301 3865 350 3916; x_wconf 86' lang='lat' dir='ltr'>the</span> <span class='ocrx_word' id='word_1_338' title='bbox 369 3865 481 3928; x_wconf 83' lang='lat' dir='ltr'>reading</span> <span class='ocrx_word' id='word_1_339' title='bbox 498 3865 528 3916; x_wconf 87' lang='lat' dir='ltr'>oi</span> <span class='ocrx_word' id='word_1_340' title='bbox 544 3880 590 3930; x_wconf 87' lang='lat' dir='ltr'>my</span> <span class='ocrx_word' id='word_1_341' title='bbox 609 3865 709 3930; x_wconf 86' lang='lat' dir='ltr'>namc,&#39;</span> <span class='ocrx_word' id='word_1_342' title='bbox 723 3865 812 3917; x_wconf 80' lang='lat' dir='ltr'>which</span> <span class='ocrx_word' id='word_1_343' title='bbox 839 3867 868 3916; x_wconf 91' lang='lat' dir='ltr'>in</span> <span class='ocrx_word' id='word_1_344' title='bbox 880 3868 927 3918; x_wconf 90' lang='lat' dir='ltr'>the</span> <span class='ocrx_word' id='word_1_345' title='bbox 939 3881 995 3919; x_wconf 89' lang='lat' dir='ltr'>war</span> <span class='ocrx_word' id='word_1_346' title='bbox 1006 3868 1113 3932; x_wconf 58' lang='lat' dir='ltr'>against</span> <span class='ocrx_word' id='word_1_347' title='bbox 1126 3867 1173 3918; x_wconf 86' lang='lat' dir='ltr'>the</span> <span class='ocrx_word' id='word_1_348' title='bbox 1184 3867 1298 3931; x_wconf 81' lang='lat' dir='ltr'>pirates</span> <span class='ocrx_word' id='word_1_349' title='bbox 1310 3872 1370 3922; x_wconf 85' lang='lat' dir='ltr'>and</span> 
     </span>
    </p>
   </div>
   <div class='ocr_carea' id='block_1_5' title="bbox 0 0 1424 4380">
    <p class='ocr_par' dir='ltr' id='par_1_7' title="bbox 0 0 1424 4380">
     <span class='ocr_line' id='line_1_39' title="bbox 0 0 1424 4380; baseline 0 0"><span class='ocrx_word' id='word_1_350' title='bbox 0 0 1424 4380; x_wconf 95' lang='lat' dir='ltr'> </span> 
     </span>
    </p>
   </div>
  </div>
 </body>
</html>
