2936 4376
232 245 296 316 312
584 262 656 314 rao
679 262 709 314 r.
734 261 855 315 scam
879 261 1029 314 enarro.

283 435 430 512 fortuna,
446 437 475 500 si
491 436 652 520 reliquiae
668 435 829 520 pristinae
850 434 1026 521 dignitatis
1050 455 1117 499 non
1139 441 1210 498 'tam
1233 431 1328 502 illus·

284 548 353 605 tres
376 540 531 617 fuissent,
548 550 659 606 tamen
677 541 824 605 Autroni
848 541 1117 605 commemoratio
1136 541 1333 605 memoriam

285 644 398 710 Sullae
415 646 619 720 rettulisset;
644 647 757 722 etiam,
775 652 814 709 ut
836 644 988 720 arbitror,
1012 665 1090 708 cum
1112 646 1333 711 auctoritates

284 748 471 833 principum
510 750 749 814 coniurationis
780 749 824 813 ad
854 747 1042 813 incitandos
1071 749 1199 813 animos
1236 749 1334 814 Allo·

231 874 261 920 25
283 853 423 938 brogum
446 852 620 939 colligeret
644 853 791 930 Cassius,
816 861 951 918 etcum
980 853 1082 917 sciret
1113 859 1245 918 exteras
1275 873 1333 918 na·

285 958 392 1021 tiones
408 957 551 1022 maxime
568 957 743 1023 nobilitate
767 959 904 1034 moveri,
922 979 989 1021 noa
1012 957 1104 1041 prius
1121 956 1332 1026 Autronium

233 1065 272 1127 38
288 1081 390 1146 quam
416 1059 545 1124 Sullam
568 1062 820 1126 nominavisset.
867 1061 938 1125 lam
969 1082 1048 1126 vero
1079 1059 1166 1124 illud
1197 1059 1332 1145 probari

287 1165 420 1227 minime
452 1171 572 1248 potest,
614 1164 731 1230 Gallos
771 1166 940 1230 Autronio
982 1165 1154 1229 nominato
1191 1172 1330 1248 putasse

233 1338 235 1344 ¹
285 1276 420 1353 propter
435 1269 634 1333 calamitatis
650 1269 905 1334 similitudinem
929 1269 993 1333 sibi
1017 1267 1146 1354 aliquid
1169 1267 1210 1332 de
1235 1267 1333 1334 Sulla

232 1388 262 1434 sc
285 1393 357 1437 esse
388 1372 629 1457 quaerendum,
661 1372 787 1449 Cassio,
818 1374 847 1437 si
871 1373 925 1437 hic
949 1379 1038 1438 esset
1060 1373 1095 1435 in
1123 1370 1240 1439 eodem
1264 1395 1333 1438 sce·

285 1477 363 1553 lere,
380 1498 420 1541 ne
437 1489 514 1540 cum
537 1477 740 1562 appellasset
764 1477 901 1562 quidem
926 1477 1143 1552 Autronium,
1170 1475 1271 1542 huius
1294 1478 1331 1541 in

287 1588 433 1645 mentem
458 1582 569 1645 venire
602 1581 761 1664 potuisse.
808 1580 875 1645 Sed
905 1589 1016 1646 tamen
1048 1580 1132 1667 quid
1158 1581 1333 1665 respondit

285 1684 327 1750 de
351 1684 445 1750 Sulla
467 1683 628 1749 Cassius?
673 1684 714 1750 Se
739 1686 865 1750 nescire
882 1694 1018 1752 certum.
1066 1685 1161 1750 ‘Non
1185 1685 1331 1772 purgat,’

286 1789 407 1874 inquit.
454 1789 537 1853 Dixi
552 1797 668 1853 antea:
693 1788 744 1854 Ne
760 1790 789 1852 si
805 1797 962 1876 argueret
984 1789 1121 1875 quidem
1144 1798 1218 1855 tum
1241 1790 1333 1855 deni·

233 1909 263 1955 35
286 1914 361 1978 quc,
379 1915 454 1958 cum
477 1900 565 1959 esset
588 1894 823 1979 interrogatus,
849 1893 883 1957 id
906 1894 988 1958 mihi
1010 1895 1226 1959 criminosum
1242 1894 1334 1959 vide·

234 2003 274 2065 39
286 2005 387 2064 retur.
434 1997 501 2062 Sed
528 2019 590 2084 ego
621 1997 655 2061 in
687 1996 820 2062 indiciis
851 2006 886 2063 et
915 1999 950 2062 in
981 1999 1233 2084 quaestionibus
1264 2019 1332 2063 non

285 2260 374 2320 recall,
404 2260 465 2310 etc!
510 2259 606 2310 Cassio
635 2260 657 2309 is
685 2259 739 2308 dat.
770 2259 799 2308 ot
822 2258 938 2316 Cassio,
973 2259 1071 2310 ‘attic
1107 2261 1177 2322 (bat)
1213 2260 1331 2322 Cassius,

285 2338 436 2388 reference!
462 2337 516 2386 this
544 2337 728 2386 construction
757 2336 800 2385 for
821 2335 900 2386 etc.:’
916 2337 958 2387 for
967 2337 1095 2387 omission
1108 2339 1138 2388 oi
1154 2338 1331 2400 coniunctiori

287 2415 412 2465 Cassiam
430 2415 559 2465 cocinaria
579 2414 676 2464 tabere
693 2413 715 2462 is
736 2426 799 2475 very
821 2412 856 2461 ci.
868 2411 1020 2474 iliaditt.
1031 2415 1070 2464 27.
1097 2413 1192 2464 Cassio
1205 2415 1227 2462 is
1239 2414 1334 2464 datoi

285 2505 353 2541 rare.
821 2489 870 2538 ret.
884 2489 992 2539 within
1004 2493 1117 2539 meatem
1131 2491 1221 2540 venire
1235 2489 1263 2550 ll.
1277 2487 1331 2550 32),

318 2569 427 2620 21-26,
447 2569 593 2626 illustres,
640 2567 799 2630 ‘conspicu-
821 2566 874 2614 and
888 2566 910 2615 is
921 2572 971 2628 put
983 2572 1012 2614 at
1023 2567 1070 2615 tire
1087 2567 1235 2629 beginning
1251 2566 1280 2616 of
1297 2565 1333 2614 its

286 2647 353 2697 ous.’
395 2644 660 2703 commemoratio,
697 2644 799 2694 ‘men-
821 2641 910 2692 clause
932 2647 961 2692 to
988 2647 1107 2692 contrast
1134 2641 1243 2704 sharply
1265 2642 1333 2692 with

286 2723 373 2773 tion:’
388 2738 432 2774 see
443 2738 478 2774 on
490 2722 724 2782 commemorabat,
735 2719 748 2777 i
759 2722 797 2772 18.
823 2719 918 2770 Getica
941 2717 969 2781 (l.
994 2718 1046 2780 28).
1080 2717 1187 2766 huius:
1210 2719 1253 2768 ior
1271 2731 1333 2768 case

286 2801 309 2849 6.
345 2800 446 2857 etiam,
471 2800 604 2860 ‘indeed’
629 2799 800 2862 introducing
822 2796 856 2846 cf.
869 2797 989 2857 patriae,
1004 2796 1017 2857 ς
1031 2795 1068 2845 19.
1085 2795 1122 2844 16.

287 2877 422 2927 asecond
446 2883 505 2939 step
529 2878 556 2926 in
580 2877 623 2926 his
646 2881 797 2939 argument,
853 2871 954 2921 32-34.
972 2871 1038 2921 Sed
1071 2873 1190 2920 tamen:
1223 2885 1267 2922 see
1295 2885 1332 2921 on

286 2951 408 3002 clinclred
428 2953 462 3015 by
483 2955 539 3002 iam
560 2967 631 3010 aero,
654 2953 668 3014 ᾗ
691 2952 730 3002 38.
757 2951 795 3004 27.
823 2949 948 2999 Mun48.
959 2952 981 2999 1.
1011 2948 1133 2998 nescire
1143 2948 1333 3006 certum‘he

287 3029 511 3078 auctoritates.
528 3065 533 3076 .
550 3065 555 3076 .
570 3027 798 3089 colligeret,
822 3027 900 3076 knew
913 3027 1029 3090 nothing
1039 3025 1170 3076 certain:'
1190 3029 1293 3076 certam
1309 3025 1333 3074 is

289 3105 358 3155 ‘was
376 3106 501 3168 bringing
519 3111 547 3156 to
568 3106 631 3155 bear
653 3105 699 3154 the
721 3103 799 3154 intlu-
822 3103 886 3152 used
898 3101 1330 3164 substantivelyasdirectobject.

286 3194 351 3230 ence
369 3181 398 3231 oi
418 3181 524 3245 leading
543 3196 604 3231 men
626 3183 653 3229 in
673 3182 720 3229 the
737 3195 799 3230 con·
820 3182 888 3228 tum
906 3179 1054 3240 denique:
1077 3178 1125 3228 the
1143 3179 1261 3240 dentque
1277 3191 1333 3228 em-

286 3257 410 3320 spiracy.'
440 3258 493 3308 For
510 3257 596 3320 plural
616 3259 798 3308 auctoritates
820 3257 942 3318 phasizes
961 3257 1007 3306 the
1025 3259 1102 3318 tum,·
1122 3255 1177 3316 i.e.,
1191 3255 1234 3306 lrls
1250 3259 1333 3304 state-

286 3334 320 3383 ct.
331 3348 438 3395 operae,
453 3335 518 3396 §tit
532 3335 560 3396 93
572 3335 614 3383 for
626 3333 796 3392 translation,
821 3339 895 3384 ment
911 3333 998 3396 might
1015 3334 1085 3382 trave
1101 3333 1169 3382 been
1186 3332 1334 3394 damaging

286 3410 324 3460 ΙΙ.
349 3409 395 3459 10.
423 3412 460 3460 15.
511 3411 685 3467 nobilitate,
716 3410 797 3473 ‘higlr
820 3416 847 3459 at
855 3411 970 3460 another
979 3409 1053 3470 time,
1063 3410 1142 3458 when
1150 3409 1197 3458 the
1206 3409 1331 3471 question

286 3489 374 3538 rank.'
820 3487 873 3536 irad
886 3491 934 3536 not
946 3486 1013 3535 been
1026 3491 1076 3549 put
1087 3500 1118 3536 so
1130 3485 1250 3548 directly.

318 3564 797 3626 §38.27-31.1amverotseeon
852 3564 915 3625 539.
935 3561 980 3611 36.
1007 3562 1046 3611 in
1079 3561 1256 3619 indiciis,
1287 3561 1332 3610 ‘in

286 3640 323 3689 II.
342 3640 419 3702 Ml,
434 3642 487 3690 and
505 3655 539 3691 cn
583 3642 621 3694 37.
637 3642 675 3690 23.
711 3641 796 3698 illud,
820 3645 930 3690 matters
963 3640 994 3689 of
1025 3637 1173 3688 evidence!
1223 3649 1333 3700 quaes·

285 3723 347 3776 etc,
367 3716 431 3767 ‘tbe
454 3723 601 3767 statement
620 3720 722 3766 cannot
738 3731 797 3779 pos-
818 3715 965 3773 tionibus,
985 3714 1125 3766 ‘criminal
1145 3713 1262 3764 conrts:’
1286 3727 1333 3766 see

284 3792 353 3854 aibly
376 3793 408 3844 be
435 3794 514 3844 made
540 3793 609 3858 good
627 3794 704 3856 that,
733 3791 793 3843 etc’
820 3790 974 3854 Exc.11.§
999 3792 1020 3841 i.
