2838 4380
475 317 556 368 chr.
582 319 605 379 a,
631 318 645 379 i
668 318 723 366 ee.
1102 308 1167 372 433

73 490 175 577 magis
192 489 262 553 nlla
285 488 453 554 laudande
478 497 529 554 est
544 511 645 574 quem
672 511 746 554 mea
769 487 973 555 inflammata
999 513 1115 557 eorum

71 596 200 671 scelere,
226 595 286 679 qui
316 615 393 658 curn
424 593 578 659 omnibus
610 616 701 659 meae
732 594 852 658 salutis
883 593 1115 662 defensoribus

72 698 193 764 bellum
209 720 280 763 esse
296 697 360 762 sibi
375 697 560 785 gerendum
579 698 825 764 iudicaverunt.
872 698 939 764 Sed
955 701 1114 785 quoniam
1137 707 1155 769 ὅ

70 803 210 890 singulis
233 801 429 867 criminibus
455 803 558 867 ceteri
585 800 840 888 responderunt,
857 802 965 867 dicem
988 826 1050 891 ego
1073 804 1114 872 de
1138 823 1167 868 eo

70 909 159 972 omni
173 913 266 970 statu
283 905 322 969 P.
334 904 433 983 Sesti,
447 905 488 971 de
505 927 627 993 genere
644 907 745 986 vitae,
758 905 798 972 de
816 915 944 984 natura,
962 906 1002 972 de
1020 910 1114 973 mori·

70 1011 139 1088 bus,
156 1011 197 1076 de
213 1009 402 1076 incredibili
419 1032 528 1075 amore
546 1012 580 1074 in
597 1010 711 1089 bonos,
729 1009 770 1076 de
786 1009 900 1076 studio
919 1033 1115 1077 conservan-

69 1115 128 1180 dae
144 1115 263 1179 salutis
280 1115 466 1179 communis
482 1121 585 1200 atque
602 1116 662 1181 otii
679 1113 957 1200 contendamque‚
970 1117 999 1180 si
1015 1116 1113 1182 modo

69 1219 101 1282 id
123 1219 282 1303 consequi
306 1217 431 1303 potem,
449 1225 489 1282 ut
513 1219 555 1283 in·
576 1219 636 1284 hac
661 1217 802 1284 confuse
826 1227 928 1304 atque
957 1221 1113 1286 universe

68 1321 259 1388 defensione
285 1323 369 1386 nihil
392 1344 412 1387 a
435 1345 497 1399 me,
514 1323 606 1408 quod
631 1322 674 1388 ad
701 1331 846 1388 vestrum
871 1325 1112 1409 quaestionem,
1136 1342 1165 1388 as

68 1428 160 1505 nibil,
177 1426 268 1513 quod
283 1427 326 1492 ad
347 1449 451 1505 reum,
468 1429 562 1505 nihil,
579 1427 671 1514 quod
693 1428 736 1493 ad
759 1450 829 1494 rem
853 1428 1020 1514 publicem
1042 1451 1113 1516 per·

66 1533 182 1609 tinent,
210 1533 479 1617 praetermissum
509 1555 581 1598 esse
613 1532 777 1599 videatur.
824 1533 871 1598 Et
895 1535 1053 1618 quoniam
1076 1536 1112 1599 in

65 1637 269 1724 gravissimis
286 1637 492 1722 temporibus
510 1639 658 1702 civitatis
674 1645 776 1722 atque
793 1638 828 1701 in
848 1638 954 1702 ruinis
977 1659 1110 1704 eversae

64 1749 167 1827 atque
194 1739 347 1806 addictae
375 1744 422 1806 rei
450 1743 603 1827 publicae
631 1742 667 1805 P.
686 1742 775 1807 Sesti
802 1741 993 1807 tribunatus
1017 1751 1111 1808 este

65 1847 215 1910 Fortuna
230 1847 302 1932 ipsa
320 1847 512 1923 collocatus,
530 1867 596 1910 non
620 1844 798 1932 adgrediar
820 1844 863 1910 ad
887 1846 946 1910 ille
970 1847 1113 1912 maxima
1134 1863 1164 1910 ec

62 1958 166 2036 atque
182 1951 397 2036 amplissima,
414 1951 611 2035 priusquam
627 1948 782 2027 docuero,
799 1949 921 2034 quibus
946 1950 1052 2015 initiis
1070 1972 1108 2016 ae

62 2054 293 2120 fundamentis
309 2053 389 2120 haee
402 2061 515 2119 tentae
532 2055 669 2119 summis
687 2055 722 2118 in
739 2053 838 2119 rebus
856 2053 973 2119 laudes
989 2055 1109 2120 exeita

62 2167 117 2225 tae
134 2160 236 2224 sint..

95 2330 108 2388 i
128 2332 151 2381 5.
176 2331 277 2380 20-23.
301 2331 497 2380 criminibus:
531 2345 575 2381 see
599 2333 632 2381 de
645 2334 677 2382 oi.
714 2343 807 2388 reum,
831 2331 885 2393 i.e.,
908 2333 951 2382 his
974 2333 1113 2382 character

60 2423 98 2458 on
110 2407 176 2458 Snll.
190 2407 216 2456 6.
228 2408 268 2458 36.
294 2407 399 2464 ceteri,
411 2407 576 2471 distinguish
598 2409 626 2457 in
647 2413 751 2470 respect
772 2414 801 2458 to
821 2409 899 2458 other
916 2414 1027 2458 matters
1045 2409 1111 2458 than

60 2486 134 2534 from
162 2485 229 2534 alii:
257 2498 302 2534 see
329 2498 366 2534 on
394 2483 459 2534 Sull.
486 2483 512 2533 9.
534 2485 573 2533 25.
598 2485 675 2534 those
695 2485 762 2534 with
784 2485 941 2534 which'the
961 2491 1038 2534 court
1056 2499 1111 2535 was

60 2560 573 2623 omnistatm‘thevvholepositiom’
597 2562 755 2612 concerned.
791 2573 856 2610 rem
874 2560 1046 2628 publicem:
1067 2575 1111 2611 see

60 2635 194 2686 ehevord
213 2637 235 2686 is
252 2635 396 2699 explained
413 2637 509 2700 hythe
526 2635 577 2685 fol·
598 2652 622 2699 p.
642 2635 714 2700 47,§
737 2636 769 2690 87
791 2638 825 2687 ad
849 2637 894 2686 fin.
931 2637 1019 2687 These
1043 2637 1111 2687 lines

59 2714 163 2776 forring
185 2713 324 2775 abletives,
350 2713 382 2763 de
402 2727 499 2774 penem
516 2751 523 2763 .
543 2749 548 2761 .
567 2751 573 2763 .
598 2713 649 2775 (26,
661 2715 703 2775 27)
717 2715 777 2777 give
789 2715 835 2762 the
848 2715 923 2763 three
935 2714 1008 2762 chief
1019 2715 1111 2776 points

60 2791 95 2841 de
124 2789 234 2852 studim·
262 2791 323 2852 give
348 2804 383 2839 en
410 2789 574 2839 illustration
597 2791 626 2839 of
648 2791 714 2841 Part
732 2791 784 2840 III.
807 2791 836 2840 of
858 2791 906 2840 the
928 2790 1039 2852 speech:
1067 2802 1110 2839 An

58 2867 133 2916 from
156 2865 210 2928 51.
245 2865 342 2916 Notice
359 2866 421 2914 that
437 2867 513 2915 these
531 2880 575 2916 ex·
597 2879 820 2928 ouhusrrousu,
841 2867 870 2927 ἐξ
882 2868 969 2917 75-95,
991 2866 1108 2928 iss-147,

57 2941 204 3007 planetory
214 2943 299 2992 words
309 2956 354 2991 are
366 2947 415 2991 not
426 2944 574 2992 connected
597 2956 640 2993 nn
653 2955 746 3003 risun,
760 2944 786 3003 ἐξ
798 2944 869 2992 6-13.
884 2944 924 3000 71,
939 2954 981 2990 nn
994 2955 1057 2991 nun
1071 2954 1107 3004 m,

57 3021 95 3081 by
104 3019 312 3080 coniunctione:
322 3019 390 3068 such
402 3031 439 3067 an
451 3033 576 3082 arrange·
597 3021 627 3082 ἐξ
641 3021 725 3072 15-70.
740 3021 827 3072 'la-74.
841 3019 944 3068 96-143.

57 3100 138 3146 ment
149 3097 172 3145 is
183 3096 269 3146 called
287 3097 440 3156 asyndeton
457 3096 576 3158 explica·
628 3097 727 3146 27-32.
746 3095 984 3144 essevideatur:
999 3096 1041 3144 ior
1053 3096 1109 3145 this

57 3174 155 3225 ticum.
190 3173 297 3223 studio
316 3210 321 3221 .
339 3209 345 3220 .
363 3209 369 3220 .
388 3173 576 3230 otii‚eneces-
597 3174 698 3236 ending
721 3173 750 3222 oi
777 3173 824 3222 the
849 3177 976 3221 sentence
999 3185 1043 3220 see
1073 3185 1109 3221 on

56 3263 122 3312 sary
154 3251 321 3312 periphrasis
347 3251 391 3299 ior
418 3265 470 3299 our
498 3250 576 3300 ‘eon·
597 3249 661 3300 Sull.
673 3249 747 3298 3.41.
783 3246 1107 3308 ruinis,‘iali‚’‘crssh‚’

56 3325 222 3387 servatism,'
236 3326 280 3375 for
298 3327 387 3376 which
405 3327 481 3376 there
500 3327 522 3376 is
539 3340 576 3376 no
597 3332 645 3375 not
658 3325 768 3385 ‘ruins'
785 3324 874 3374 which
886 3325 908 3374 is
920 3338 936 3373 a
948 3324 1110 3386 postelassi-

55 3402 164 3466 precise
173 3401 329 3465 equivalent
338 3403 366 3452 in
375 3401 466 3452 Latin.
491 3414 575 3450 com·
597 3403 732 3453 celsense.
767 3401 918 3450 Fortuna:
931 3396 977 3450 the
986 3401 1110 3450 encients

54 3478 177 3528 munis:
195 3479 337 3542 positioni
597 3479 760 3529 understood
774 3479 807 3541 by
820 3479 940 3527 For-tune
957 3491 992 3526 en
1010 3477 1111 3526 inscru-

91 3554 198 3603 24-26.
217 3555 350 3604 confusa
382 3559 477 3617 atque
510 3555 575 3603 uni-
597 3554 669 3604 teble
686 3554 776 3603 divine
794 3567 904 3617 agency‚
924 3567 953 3602 as
968 3566 1007 3601 we
1024 3551 1059 3602 do
1076 3552 1111 3614 by

53 3643 161 3688 versa,
182 3631 419 3693 ‘comprehensive
439 3630 492 3680 and
513 3643 576 3692 gen·
597 3631 770 3680 Providence.
805 3628 1020 3690 heec‚n0m.pl.
1034 3628 1111 3676 femi-

54 3705 326 3762 eralz’seeoni3.2.
352 3706 575 3768 quaestionem,
597 3708 674 3756 nine:
697 3721 741 3755 see
761 3706 793 3754 A.
817 3705 862 3755 101
885 3719 924 3766 c;
949 3705 983 3754 H.
1006 3705 1051 3753 isc
1075 3705 1108 3764 L,

53 3799 88 3835 as
107 3783 259 3834 concerned
276 3783 339 3845 only
351 3784 417 3832 with
435 3783 482 3832 the
499 3796 576 3844 ques·
597 3784 719 3832 iootnote
736 3782 759 3833 ’1.
794 3780 911 3841 laudes,
925 3781 1110 3834 ‘meritorioue

53 3863 119 3914 tion
131 3860 162 3914 of
178 3859 290 3915 sestius’
304 3860 373 3927 gnilt
384 3873 415 3914 or
427 3860 575 3908 innocense
596 3857 672 3910 acts.’
