<?xml version="1.0" encoding="UTF-8"?>
<!DOCTYPE html PUBLIC "-//W3C//DTD XHTML 1.0 Transitional//EN"
    "http://www.w3.org/TR/xhtml1/DTD/xhtml1-transitional.dtd">
<html xmlns="http://www.w3.org/1999/xhtml" xml:lang="en" lang="en">
 <head>
  <title>
</title>
<meta http-equiv="Content-Type" content="text/html;charset=utf-8" />
  <meta name='ocr-system' content='tesseract 3.04.00' />
  <meta name='ocr-capabilities' content='ocr_page ocr_carea ocr_par ocr_line ocrx_word'/>
</head>
<body>
  <div class='ocr_page' id='page_1' title='image "./mtulliciceronis05cicegoog/mtulliciceronis05cicegoog_0219.png"; bbox 0 0 2954 4374; ppageno 0'>
   <div class='ocr_carea' id='block_1_1' title="bbox 247 306 1051 378">
    <p class='ocr_par' dir='ltr' id='par_1_1' title="bbox 247 306 1051 378">
     <span class='ocr_line' id='line_1_1' title="bbox 247 306 1051 378; baseline -0.002 0"><span class='ocrx_word' id='word_1_1' title='bbox 247 306 310 378; x_wconf 76' lang='lat' dir='ltr'>aot</span> <span class='ocrx_word' id='word_1_2' title='bbox 572 319 643 376; x_wconf 77' lang='lat' dir='ltr'>rao</span> <span class='ocrx_word' id='word_1_3' title='bbox 666 319 695 375; x_wconf 82' lang='lat' dir='ltr'>c.</span> <span class='ocrx_word' id='word_1_4' title='bbox 719 317 880 376; x_wconf 72' lang='lat' dir='ltr'>nucem</span> <span class='ocrx_word' id='word_1_5' title='bbox 903 318 1051 376; x_wconf 70' lang='lat' dir='ltr'>orario.</span> 
     </span>
    </p>
   </div>
   <div class='ocr_carea' id='block_1_2' title="bbox 244 495 1350 2124">
    <p class='ocr_par' dir='ltr' id='par_1_2' title="bbox 246 495 1350 898">
     <span class='ocr_line' id='line_1_2' title="bbox 246 495 1348 581; baseline 0.001 -23"><span class='ocrx_word' id='word_1_6' title='bbox 246 514 275 558; x_wconf 90' lang='lat'>10</span> <span class='ocrx_word' id='word_1_7' title='bbox 296 497 466 562; x_wconf 89' lang='lat' dir='ltr'>interdum</span> <span class='ocrx_word' id='word_1_8' title='bbox 488 496 531 561; x_wconf 92' lang='lat' dir='ltr'>ad</span> <span class='ocrx_word' id='word_1_9' title='bbox 554 495 663 560; x_wconf 83' lang='lat' dir='ltr'>iorum</span> <span class='ocrx_word' id='word_1_10' title='bbox 688 496 894 573; x_wconf 78' lang='lat' dir='ltr'>deducimur,</span> <span class='ocrx_word' id='word_1_11' title='bbox 914 497 944 560; x_wconf 91' lang='lat' dir='ltr'>si</span> <span class='ocrx_word' id='word_1_12' title='bbox 967 517 1033 559; x_wconf 94' lang='lat' dir='ltr'>uno</span> <span class='ocrx_word' id='word_1_13' title='bbox 1058 495 1213 574; x_wconf 86' lang='lat' dir='ltr'>basilicae</span> <span class='ocrx_word' id='word_1_14' title='bbox 1240 496 1348 581; x_wconf 88' lang='lat' dir='ltr'>spatio</span> 
     </span>
     <span class='ocr_line' id='line_1_3' title="bbox 297 599 1350 687; baseline -0.002 -23"><span class='ocrx_word' id='word_1_15' title='bbox 297 602 523 678; x_wconf 81' lang='lat' dir='ltr'>honestamur,</span> <span class='ocrx_word' id='word_1_16' title='bbox 544 601 725 687; x_wconf 79' lang='lat' dir='ltr'>diligenter</span> <span class='ocrx_word' id='word_1_17' title='bbox 740 601 908 666; x_wconf 87' lang='lat' dir='ltr'>observari</span> <span class='ocrx_word' id='word_1_18' title='bbox 930 599 1083 664; x_wconf 88' lang='lat' dir='ltr'>videmur</span> <span class='ocrx_word' id='word_1_19' title='bbox 1098 606 1134 663; x_wconf 91' lang='lat' dir='ltr'>et</span> <span class='ocrx_word' id='word_1_20' title='bbox 1157 600 1238 674; x_wconf 83' lang='lat' dir='ltr'>eoli3</span> <span class='ocrx_word' id='word_1_21' title='bbox 1256 608 1350 664; x_wconf 87' lang='lat' dir='ltr'>tenu-</span> 
     </span>
     <span class='ocr_line' id='line_1_4' title="bbox 296 702 1348 790; baseline -0.001 -22"><span class='ocrx_word' id='word_1_22' title='bbox 296 707 404 770; x_wconf 88' lang='lat' dir='ltr'>iorum</span> <span class='ocrx_word' id='word_1_23' title='bbox 416 706 598 770; x_wconf 89' lang='lat' dir='ltr'>amicorum</span> <span class='ocrx_word' id='word_1_24' title='bbox 614 713 649 770; x_wconf 88' lang='lat' dir='ltr'>et</span> <span class='ocrx_word' id='word_1_25' title='bbox 665 727 730 769; x_wconf 89' lang='lat' dir='ltr'>non</span> <span class='ocrx_word' id='word_1_26' title='bbox 748 713 986 790; x_wconf 87' lang='lat' dir='ltr'>occupatorum</span> <span class='ocrx_word' id='word_1_27' title='bbox 1004 712 1057 768; x_wconf 88' lang='lat' dir='ltr'>est</span> <span class='ocrx_word' id='word_1_28' title='bbox 1072 705 1135 768; x_wconf 88' lang='lat' dir='ltr'>ista</span> <span class='ocrx_word' id='word_1_29' title='bbox 1152 702 1348 780; x_wconf 86' lang='lat' dir='ltr'>adsiduitas,</span> 
     </span>
     <span class='ocr_line' id='line_1_5' title="bbox 297 807 1348 898; baseline -0.001 -26"><span class='ocrx_word' id='word_1_30' title='bbox 297 831 441 894; x_wconf 88' lang='lat' dir='ltr'>quorum</span> <span class='ocrx_word' id='word_1_31' title='bbox 463 810 557 894; x_wconf 87' lang='lat' dir='ltr'>copia</span> <span class='ocrx_word' id='word_1_32' title='bbox 576 809 672 874; x_wconf 85' lang='lat' dir='ltr'>bonis</span> <span class='ocrx_word' id='word_1_33' title='bbox 695 811 776 874; x_wconf 88' lang='lat' dir='ltr'>viris</span> <span class='ocrx_word' id='word_1_34' title='bbox 800 817 836 874; x_wconf 90' lang='lat' dir='ltr'>et</span> <span class='ocrx_word' id='word_1_35' title='bbox 857 808 1013 874; x_wconf 85' lang='lat' dir='ltr'>beneficis</span> <span class='ocrx_word' id='word_1_36' title='bbox 1037 807 1151 873; x_wconf 86' lang='lat' dir='ltr'>deesse</span> <span class='ocrx_word' id='word_1_37' title='bbox 1169 829 1235 898; x_wconf 85' lang='lat' dir='ltr'>non</span> <span class='ocrx_word' id='word_1_38' title='bbox 1252 808 1348 872; x_wconf 87' lang='lat' dir='ltr'>solet.</span> 
     </span>
    </p>

    <p class='ocr_par' dir='ltr' id='par_1_3' title="bbox 246 911 1349 1000">
     <span class='ocr_line' id='line_1_6' title="bbox 246 911 1349 1000; baseline -0.005 -18"><span class='ocrx_word' id='word_1_39' title='bbox 246 918 282 982; x_wconf 87' lang='grc'>71</span> <span class='ocrx_word' id='word_1_40' title='bbox 296 913 374 977; x_wconf 93' lang='lat' dir='ltr'>Noli</span> <span class='ocrx_word' id='word_1_41' title='bbox 385 915 488 1000; x_wconf 88' lang='lat' dir='ltr'>igitur</span> <span class='ocrx_word' id='word_1_42' title='bbox 498 915 624 998; x_wconf 86' lang='lat' dir='ltr'>eripere</span> <span class='ocrx_word' id='word_1_43' title='bbox 636 914 726 978; x_wconf 91' lang='lat' dir='ltr'>hunc</span> <span class='ocrx_word' id='word_1_44' title='bbox 735 912 885 977; x_wconf 86' lang='lat' dir='ltr'>inferiori</span> <span class='ocrx_word' id='word_1_45' title='bbox 893 914 1008 999; x_wconf 87' lang='lat' dir='ltr'>generi</span> <span class='ocrx_word' id='word_1_46' title='bbox 1016 912 1190 976; x_wconf 90' lang='lat' dir='ltr'>hominum</span> <span class='ocrx_word' id='word_1_47' title='bbox 1200 911 1349 977; x_wconf 79' lang='lat' dir='ltr'>fructum</span> 
     </span>
    </p>

    <p class='ocr_par' dir='ltr' id='par_1_4' title="bbox 246 1015 1350 1518">
     <span class='ocr_line' id='line_1_7' title="bbox 246 1015 1349 1103; baseline 0.002 -25"><span class='ocrx_word' id='word_1_48' title='bbox 246 1035 274 1080; x_wconf 76' lang='lat'>15</span> <span class='ocrx_word' id='word_1_49' title='bbox 296 1017 406 1094; x_wconf 89' lang='lat' dir='ltr'>officii,</span> <span class='ocrx_word' id='word_1_50' title='bbox 424 1017 527 1094; x_wconf 84' lang='lat' dir='ltr'>Cat03</span> <span class='ocrx_word' id='word_1_51' title='bbox 545 1019 616 1083; x_wconf 92' lang='lat' dir='ltr'>sine</span> <span class='ocrx_word' id='word_1_52' title='bbox 633 1040 698 1093; x_wconf 90' lang='lat' dir='ltr'>eos,</span> <span class='ocrx_word' id='word_1_53' title='bbox 717 1019 775 1103; x_wconf 91' lang='lat' dir='ltr'>qui</span> <span class='ocrx_word' id='word_1_54' title='bbox 793 1018 904 1082; x_wconf 90' lang='lat' dir='ltr'>omnia</span> <span class='ocrx_word' id='word_1_55' title='bbox 920 1039 940 1080; x_wconf 91' lang='lat' dir='ltr'>a</span> <span class='ocrx_word' id='word_1_56' title='bbox 955 1017 1050 1082; x_wconf 90' lang='lat' dir='ltr'>nobis</span> <span class='ocrx_word' id='word_1_57' title='bbox 1067 1024 1213 1102; x_wconf 87' lang='lat' dir='ltr'>sperant,</span> <span class='ocrx_word' id='word_1_58' title='bbox 1229 1015 1349 1080; x_wconf 90' lang='lat' dir='ltr'>habere</span> 
     </span>
     <span class='ocr_line' id='line_1_8' title="bbox 296 1119 1349 1207; baseline -0.002 -21"><span class='ocrx_word' id='word_1_59' title='bbox 296 1123 386 1206; x_wconf 89' lang='lat' dir='ltr'>ipsos</span> <span class='ocrx_word' id='word_1_60' title='bbox 405 1143 539 1207; x_wconf 89' lang='lat' dir='ltr'>quoque</span> <span class='ocrx_word' id='word_1_61' title='bbox 564 1121 702 1206; x_wconf 85' lang='lat' dir='ltr'>aliquid,</span> <span class='ocrx_word' id='word_1_62' title='bbox 728 1120 820 1206; x_wconf 90' lang='lat' dir='ltr'>quod</span> <span class='ocrx_word' id='word_1_63' title='bbox 843 1121 937 1185; x_wconf 88' lang='lat' dir='ltr'>nobis</span> <span class='ocrx_word' id='word_1_64' title='bbox 960 1121 1105 1186; x_wconf 88' lang='lat' dir='ltr'>tribuere</span> <span class='ocrx_word' id='word_1_65' title='bbox 1127 1121 1266 1206; x_wconf 79' lang='lat' dir='ltr'>possint.</span> <span class='ocrx_word' id='word_1_66' title='bbox 1313 1119 1349 1184; x_wconf 86' lang='lat' dir='ltr'>Si</span> 
     </span>
     <span class='ocr_line' id='line_1_9' title="bbox 296 1223 1348 1312; baseline 0 -24"><span class='ocrx_word' id='word_1_67' title='bbox 296 1226 381 1290; x_wconf 87' lang='lat' dir='ltr'>nihil</span> <span class='ocrx_word' id='word_1_68' title='bbox 404 1227 469 1290; x_wconf 90' lang='lat' dir='ltr'>erit</span> <span class='ocrx_word' id='word_1_69' title='bbox 491 1234 621 1310; x_wconf 88' lang='lat' dir='ltr'>praeter</span> <span class='ocrx_word' id='word_1_70' title='bbox 647 1227 794 1310; x_wconf 89' lang='lat' dir='ltr'>ipsorum</span> <span class='ocrx_word' id='word_1_71' title='bbox 818 1223 1028 1312; x_wconf 83' lang='lat' dir='ltr'>suffragium,</span> <span class='ocrx_word' id='word_1_72' title='bbox 1053 1233 1155 1291; x_wconf 90' lang='lat' dir='ltr'>tenue</span> <span class='ocrx_word' id='word_1_73' title='bbox 1179 1232 1239 1301; x_wconf 90' lang='lat' dir='ltr'>est,</span> <span class='ocrx_word' id='word_1_74' title='bbox 1264 1224 1348 1288; x_wconf 89' lang='lat' dir='ltr'>nihil</span> 
     </span>
     <span class='ocr_line' id='line_1_10' title="bbox 296 1328 1348 1416; baseline -0.004 -20"><span class='ocrx_word' id='word_1_75' title='bbox 296 1330 412 1396; x_wconf 88' lang='lat' dir='ltr'>valent</span> <span class='ocrx_word' id='word_1_76' title='bbox 420 1332 543 1416; x_wconf 86' lang='lat' dir='ltr'>gratia3</span> <span class='ocrx_word' id='word_1_77' title='bbox 561 1331 623 1415; x_wconf 85' lang='lat' dir='ltr'>ipsi</span> <span class='ocrx_word' id='word_1_78' title='bbox 637 1329 783 1416; x_wconf 89' lang='lat' dir='ltr'>denique</span> <span class='ocrx_word' id='word_1_79' title='bbox 797 1337 837 1394; x_wconf 91' lang='lat' dir='ltr'>ut</span> <span class='ocrx_word' id='word_1_80' title='bbox 846 1330 958 1394; x_wconf 81' lang='lat' dir='ltr'>solent</span> <span class='ocrx_word' id='word_1_81' title='bbox 968 1330 1073 1414; x_wconf 92' lang='lat' dir='ltr'>loqui,</span> <span class='ocrx_word' id='word_1_82' title='bbox 1088 1351 1153 1392; x_wconf 94' lang='lat' dir='ltr'>non</span> <span class='ocrx_word' id='word_1_83' title='bbox 1167 1328 1277 1393; x_wconf 86' lang='lat' dir='ltr'>dicere</span> <span class='ocrx_word' id='word_1_84' title='bbox 1288 1350 1348 1413; x_wconf 92' lang='lat' dir='ltr'>pro</span> 
     </span>
     <span class='ocr_line' id='line_1_11' title="bbox 297 1431 1350 1518; baseline -0.004 -21"><span class='ocrx_word' id='word_1_85' title='bbox 297 1434 399 1511; x_wconf 87' lang='lat' dir='ltr'>nobis,</span> <span class='ocrx_word' id='word_1_86' title='bbox 417 1456 483 1499; x_wconf 93' lang='lat' dir='ltr'>non</span> <span class='ocrx_word' id='word_1_87' title='bbox 507 1433 681 1518; x_wconf 86' lang='lat' dir='ltr'>spondere,</span> <span class='ocrx_word' id='word_1_88' title='bbox 700 1455 766 1496; x_wconf 92' lang='lat' dir='ltr'>non</span> <span class='ocrx_word' id='word_1_89' title='bbox 784 1455 902 1497; x_wconf 87' lang='lat' dir='ltr'>vocare</span> <span class='ocrx_word' id='word_1_90' title='bbox 927 1431 1064 1497; x_wconf 89' lang='lat' dir='ltr'>domum</span> <span class='ocrx_word' id='word_1_91' title='bbox 1087 1453 1182 1495; x_wconf 90' lang='lat' dir='ltr'>suam</span> <span class='ocrx_word' id='word_1_92' title='bbox 1206 1439 1350 1516; x_wconf 88' lang='lat' dir='ltr'>possunt</span> 
     </span>
    </p>

    <p class='ocr_par' dir='ltr' id='par_1_5' title="bbox 244 1537 1350 2037">
     <span class='ocr_line' id='line_1_12' title="bbox 244 1537 1349 1624; baseline -0.001 -24"><span class='ocrx_word' id='word_1_93' title='bbox 244 1554 274 1600; x_wconf 79' lang='lat' dir='ltr'>ao</span> <span class='ocrx_word' id='word_1_94' title='bbox 295 1546 398 1624; x_wconf 88' lang='lat' dir='ltr'>atque</span> <span class='ocrx_word' id='word_1_95' title='bbox 411 1538 492 1603; x_wconf 90' lang='lat' dir='ltr'>haec</span> <span class='ocrx_word' id='word_1_96' title='bbox 502 1560 521 1602; x_wconf 90' lang='lat' dir='ltr'>a</span> <span class='ocrx_word' id='word_1_97' title='bbox 531 1538 626 1603; x_wconf 91' lang='lat' dir='ltr'>nobis</span> <span class='ocrx_word' id='word_1_98' title='bbox 636 1546 759 1623; x_wconf 90' lang='lat' dir='ltr'>petunt</span> <span class='ocrx_word' id='word_1_99' title='bbox 771 1538 882 1602; x_wconf 88' lang='lat' dir='ltr'>onmia</span> <span class='ocrx_word' id='word_1_100' title='bbox 893 1558 1002 1622; x_wconf 90' lang='lat' dir='ltr'>neque</span> <span class='ocrx_word' id='word_1_101' title='bbox 1019 1537 1090 1600; x_wconf 90' lang='lat' dir='ltr'>ulla</span> <span class='ocrx_word' id='word_1_102' title='bbox 1100 1558 1134 1600; x_wconf 91' lang='lat' dir='ltr'>re</span> <span class='ocrx_word' id='word_1_103' title='bbox 1147 1537 1220 1610; x_wconf 88' lang='lat' dir='ltr'>alia,</span> <span class='ocrx_word' id='word_1_104' title='bbox 1233 1557 1349 1620; x_wconf 88' lang='lat' dir='ltr'>quaea</span> 
     </span>
     <span class='ocr_line' id='line_1_13' title="bbox 295 1642 1348 1726; baseline -0.005 -20"><span class='ocrx_word' id='word_1_105' title='bbox 295 1642 1348 1726; x_wconf 86' lang='lat' dir='ltr'>nobisconsecuntur,nisioperasuacompensariputantposse.</span> 
     </span>
     <span class='ocr_line' id='line_1_14' title="bbox 296 1745 1350 1833; baseline -0.001 -24"><span class='ocrx_word' id='word_1_106' title='bbox 296 1747 416 1831; x_wconf 85' lang='lat' dir='ltr'>Itaque</span> <span class='ocrx_word' id='word_1_107' title='bbox 432 1755 468 1810; x_wconf 91' lang='lat' dir='ltr'>et</span> <span class='ocrx_word' id='word_1_108' title='bbox 483 1747 548 1833; x_wconf 86' lang='lat' dir='ltr'>legi</span> <span class='ocrx_word' id='word_1_109' title='bbox 566 1746 698 1822; x_wconf 81' lang='lat' dir='ltr'>Fabiae,</span> <span class='ocrx_word' id='word_1_110' title='bbox 711 1768 796 1830; x_wconf 88' lang='lat' dir='ltr'>quae</span> <span class='ocrx_word' id='word_1_111' title='bbox 814 1754 866 1810; x_wconf 92' lang='lat' dir='ltr'>est</span> <span class='ocrx_word' id='word_1_112' title='bbox 882 1745 922 1809; x_wconf 91' lang='lat' dir='ltr'>de</span> <span class='ocrx_word' id='word_1_113' title='bbox 940 1766 1078 1808; x_wconf 89' lang='lat' dir='ltr'>numero</span> <span class='ocrx_word' id='word_1_114' title='bbox 1088 1751 1302 1819; x_wconf 89' lang='lat' dir='ltr'>sectatorum,</span> <span class='ocrx_word' id='word_1_115' title='bbox 1314 1753 1350 1808; x_wconf 90' lang='lat' dir='ltr'>et</span> 
     </span>
     <span class='ocr_line' id='line_1_15' title="bbox 295 1846 1347 1934; baseline -0.004 -18"><span class='ocrx_word' id='word_1_116' title='bbox 295 1858 431 1916; x_wconf 87' lang='lat' dir='ltr'>senatus</span> <span class='ocrx_word' id='word_1_117' title='bbox 455 1851 619 1924; x_wconf 89' lang='lat' dir='ltr'>consulto,</span> <span class='ocrx_word' id='word_1_118' title='bbox 640 1851 731 1934; x_wconf 91' lang='lat' dir='ltr'>quod</span> <span class='ocrx_word' id='word_1_119' title='bbox 755 1857 807 1914; x_wconf 86' lang='lat' dir='ltr'>est</span> <span class='ocrx_word' id='word_1_120' title='bbox 829 1849 867 1912; x_wconf 88' lang='lat' dir='ltr'>L.</span> <span class='ocrx_word' id='word_1_121' title='bbox 886 1849 1025 1913; x_wconf 84' lang='lat' dir='ltr'>Caesare</span> <span class='ocrx_word' id='word_1_122' title='bbox 1049 1848 1185 1912; x_wconf 89' lang='lat' dir='ltr'>consule</span> <span class='ocrx_word' id='word_1_123' title='bbox 1209 1846 1347 1924; x_wconf 83' lang='lat' dir='ltr'>iactum,</span> 
     </span>
     <span class='ocr_line' id='line_1_16' title="bbox 295 1951 1350 2037; baseline -0.006 -17"><span class='ocrx_word' id='word_1_124' title='bbox 295 1957 502 2020; x_wconf 86' lang='lat' dir='ltr'>restiterunt.</span> <span class='ocrx_word' id='word_1_125' title='bbox 548 1954 652 2017; x_wconf 89' lang='lat' dir='ltr'>Nulla</span> <span class='ocrx_word' id='word_1_126' title='bbox 664 1963 715 2018; x_wconf 90' lang='lat' dir='ltr'>est</span> <span class='ocrx_word' id='word_1_127' title='bbox 726 1955 814 2017; x_wconf 91' lang='lat' dir='ltr'>enim</span> <span class='ocrx_word' id='word_1_128' title='bbox 832 1974 947 2037; x_wconf 88' lang='lat' dir='ltr'>poena,</span> <span class='ocrx_word' id='word_1_129' title='bbox 961 1973 1047 2037; x_wconf 89' lang='lat' dir='ltr'>quae</span> <span class='ocrx_word' id='word_1_130' title='bbox 1061 1951 1350 2036; x_wconf 86' lang='lat' dir='ltr'>possitobservan-</span> 
     </span>
    </p>

    <p class='ocr_par' dir='ltr' id='par_1_6' title="bbox 244 2055 1349 2124">
     <span class='ocr_line' id='line_1_17' title="bbox 244 2055 1349 2124; baseline 0 -4"><span class='ocrx_word' id='word_1_131' title='bbox 244 2075 272 2120; x_wconf 77' lang='lat' dir='ltr'>as</span> <span class='ocrx_word' id='word_1_132' title='bbox 295 2061 376 2124; x_wconf 84' lang='lat' dir='ltr'>tiam</span> <span class='ocrx_word' id='word_1_133' title='bbox 392 2060 585 2124; x_wconf 89' lang='lat' dir='ltr'>tenuiorum</span> <span class='ocrx_word' id='word_1_134' title='bbox 601 2057 716 2122; x_wconf 85' lang='lat' dir='ltr'>abhoc</span> <span class='ocrx_word' id='word_1_135' title='bbox 732 2065 844 2122; x_wconf 86' lang='lat' dir='ltr'>vetere</span> <span class='ocrx_word' id='word_1_136' title='bbox 862 2058 1020 2121; x_wconf 87' lang='lat' dir='ltr'>instituto</span> <span class='ocrx_word' id='word_1_137' title='bbox 1037 2055 1222 2120; x_wconf 88' lang='lat' dir='ltr'>officiorum</span> <span class='ocrx_word' id='word_1_138' title='bbox 1236 2056 1349 2120; x_wconf 86' lang='lat' dir='ltr'>exclu-</span> 
     </span>
    </p>
   </div>
   <div class='ocr_carea' id='block_1_3' title="bbox 244 2158 1348 2664">
    <p class='ocr_par' dir='ltr' id='par_1_7' title="bbox 245 2158 1348 2558">
     <span class='ocr_line' id='line_1_18' title="bbox 245 2158 1348 2246; baseline -0.007 -16"><span class='ocrx_word' id='word_1_139' title='bbox 245 2167 284 2230; x_wconf 80' lang='lat'>72</span> <span class='ocrx_word' id='word_1_140' title='bbox 296 2163 383 2228; x_wconf 88' lang='lat' dir='ltr'>dere.</span> <span class='ocrx_word' id='word_1_141' title='bbox 429 2162 480 2226; x_wconf 89' lang='lat' dir='ltr'>At</span> <span class='ocrx_word' id='word_1_142' title='bbox 495 2163 686 2246; x_wconf 89' lang='lat' dir='ltr'>spectacula</span> <span class='ocrx_word' id='word_1_143' title='bbox 701 2169 782 2225; x_wconf 90' lang='lat' dir='ltr'>sunt</span> <span class='ocrx_word' id='word_1_144' title='bbox 797 2161 950 2225; x_wconf 87' lang='lat' dir='ltr'>tributim</span> <span class='ocrx_word' id='word_1_145' title='bbox 962 2159 1040 2224; x_wconf 89' lang='lat' dir='ltr'>data</span> <span class='ocrx_word' id='word_1_146' title='bbox 1055 2168 1090 2224; x_wconf 90' lang='lat' dir='ltr'>et</span> <span class='ocrx_word' id='word_1_147' title='bbox 1105 2159 1147 2224; x_wconf 94' lang='lat' dir='ltr'>ad</span> <span class='ocrx_word' id='word_1_148' title='bbox 1168 2158 1348 2244; x_wconf 87' lang='lat' dir='ltr'>prandium</span> 
     </span>
     <span class='ocr_line' id='line_1_19' title="bbox 296 2263 1346 2352; baseline -0.004 -20"><span class='ocrx_word' id='word_1_149' title='bbox 296 2268 401 2352; x_wconf 84' lang='lat' dir='ltr'>vulgo</span> <span class='ocrx_word' id='word_1_150' title='bbox 413 2268 531 2332; x_wconf 87' lang='lat' dir='ltr'>vocati.</span> <span class='ocrx_word' id='word_1_151' title='bbox 571 2266 645 2330; x_wconf 88' lang='lat' dir='ltr'>Etsi</span> <span class='ocrx_word' id='word_1_152' title='bbox 656 2267 717 2330; x_wconf 90' lang='lat' dir='ltr'>hoc</span> <span class='ocrx_word' id='word_1_153' title='bbox 731 2264 857 2329; x_wconf 84' lang='lat' dir='ltr'>iactum</span> <span class='ocrx_word' id='word_1_154' title='bbox 869 2286 888 2328; x_wconf 87' lang='lat' dir='ltr'>a</span> <span class='ocrx_word' id='word_1_155' title='bbox 898 2265 1042 2330; x_wconf 90' lang='lat' dir='ltr'>Murena</span> <span class='ocrx_word' id='word_1_156' title='bbox 1053 2266 1197 2340; x_wconf 92' lang='lat' dir='ltr'>omnino,</span> <span class='ocrx_word' id='word_1_157' title='bbox 1208 2263 1346 2340; x_wconf 92' lang='lat' dir='ltr'>iudices,</span> 
     </span>
     <span class='ocr_line' id='line_1_20' title="bbox 296 2368 1346 2446; baseline -0.003 -11"><span class='ocrx_word' id='word_1_158' title='bbox 296 2393 363 2435; x_wconf 91' lang='lat' dir='ltr'>non</span> <span class='ocrx_word' id='word_1_159' title='bbox 380 2379 440 2446; x_wconf 88' lang='lat' dir='ltr'>est,</span> <span class='ocrx_word' id='word_1_160' title='bbox 457 2369 499 2434; x_wconf 88' lang='lat' dir='ltr'>ab</span> <span class='ocrx_word' id='word_1_161' title='bbox 514 2371 585 2434; x_wconf 90' lang='lat' dir='ltr'>eius</span> <span class='ocrx_word' id='word_1_162' title='bbox 602 2371 715 2434; x_wconf 89' lang='lat' dir='ltr'>amicis</span> <span class='ocrx_word' id='word_1_163' title='bbox 732 2377 846 2434; x_wconf 90' lang='lat' dir='ltr'>autem</span> <span class='ocrx_word' id='word_1_164' title='bbox 862 2391 952 2434; x_wconf 89' lang='lat' dir='ltr'>more</span> <span class='ocrx_word' id='word_1_165' title='bbox 970 2376 1005 2434; x_wconf 87' lang='lat' dir='ltr'>et</span> <span class='ocrx_word' id='word_1_166' title='bbox 1026 2368 1124 2432; x_wconf 92' lang='lat' dir='ltr'>modo</span> <span class='ocrx_word' id='word_1_167' title='bbox 1140 2368 1268 2432; x_wconf 83' lang='lat' dir='ltr'>iactum</span> <span class='ocrx_word' id='word_1_168' title='bbox 1284 2376 1346 2445; x_wconf 91' lang='lat' dir='ltr'>est,</span> 
     </span>
     <span class='ocr_line' id='line_1_21' title="bbox 295 2472 1347 2558; baseline -0.004 -18"><span class='ocrx_word' id='word_1_169' title='bbox 295 2485 407 2540; x_wconf 89' lang='lat' dir='ltr'>tamen</span> <span class='ocrx_word' id='word_1_170' title='bbox 430 2473 620 2538; x_wconf 90' lang='lat' dir='ltr'>admonitus</span> <span class='ocrx_word' id='word_1_171' title='bbox 646 2496 680 2538; x_wconf 87' lang='lat' dir='ltr'>re</span> <span class='ocrx_word' id='word_1_172' title='bbox 706 2475 777 2558; x_wconf 89' lang='lat' dir='ltr'>ipsa</span> <span class='ocrx_word' id='word_1_173' title='bbox 803 2472 965 2549; x_wconf 88' lang='lat' dir='ltr'>recordor,</span> <span class='ocrx_word' id='word_1_174' title='bbox 994 2480 1160 2558; x_wconf 91' lang='lat' dir='ltr'>quantum</span> <span class='ocrx_word' id='word_1_175' title='bbox 1185 2472 1246 2536; x_wconf 84' lang='lat' dir='ltr'>hae</span> <span class='ocrx_word' id='word_1_176' title='bbox 1271 2494 1347 2537; x_wconf 93' lang='lat' dir='ltr'>con-</span> 
     </span>
    </p>

    <p class='ocr_par' dir='ltr' id='par_1_8' title="bbox 244 2574 1346 2664">
     <span class='ocr_line' id='line_1_22' title="bbox 244 2574 1346 2664; baseline -0.001 -24"><span class='ocrx_word' id='word_1_177' title='bbox 244 2595 274 2640; x_wconf 78' lang='lat' dir='ltr'>eo</span> <span class='ocrx_word' id='word_1_178' title='bbox 296 2580 489 2664; x_wconf 77' lang='lat' dir='ltr'>questiones</span> <span class='ocrx_word' id='word_1_179' title='bbox 516 2579 551 2640; x_wconf 94' lang='lat' dir='ltr'>in</span> <span class='ocrx_word' id='word_1_180' title='bbox 578 2586 695 2642; x_wconf 91' lang='lat' dir='ltr'>senatu</span> <span class='ocrx_word' id='word_1_181' title='bbox 724 2577 856 2641; x_wconf 89' lang='lat' dir='ltr'>habitae</span> <span class='ocrx_word' id='word_1_182' title='bbox 882 2584 1084 2661; x_wconf 85' lang='lat' dir='ltr'>punctorum</span> <span class='ocrx_word' id='word_1_183' title='bbox 1108 2576 1212 2653; x_wconf 89' lang='lat' dir='ltr'>nobis,</span> <span class='ocrx_word' id='word_1_184' title='bbox 1240 2574 1346 2652; x_wconf 87' lang='lat' dir='ltr'>Servi,</span> 
     </span>
    </p>
   </div>
   <div class='ocr_carea' id='block_1_4' title="bbox 1196 2683 1346 2692">
    <p class='ocr_par' dir='ltr' id='par_1_9' title="bbox 1196 2683 1346 2692">
     <span class='ocr_line' id='line_1_23' title="bbox 1196 2683 1346 2692; baseline 0 0"><span class='ocrx_word' id='word_1_185' title='bbox 1196 2683 1346 2692; x_wconf 81' lang='lat'>———</span> 
     </span>
    </p>
   </div>
   <div class='ocr_carea' id='block_1_5' title="bbox 283 2732 1347 3929">
    <p class='ocr_par' dir='ltr' id='par_1_10' title="bbox 283 2732 1344 2945">
     <span class='ocr_line' id='line_1_24' title="bbox 296 2732 1344 2795; baseline -0.004 -11"><span class='ocrx_word' id='word_1_186' title='bbox 296 2737 317 2784; x_wconf 89' lang='lat' dir='ltr'>it</span> <span class='ocrx_word' id='word_1_187' title='bbox 340 2735 406 2784; x_wconf 90' lang='lat' dir='ltr'>with</span> <span class='ocrx_word' id='word_1_188' title='bbox 428 2735 572 2795; x_wconf 81' lang='lat' dir='ltr'>observari,</span> <span class='ocrx_word' id='word_1_189' title='bbox 598 2735 730 2795; x_wconf 83' lang='lat' dir='ltr'>inserting</span> <span class='ocrx_word' id='word_1_190' title='bbox 760 2733 806 2794; x_wconf 85' lang='lat' dir='ltr'>‘by</span> <span class='ocrx_word' id='word_1_191' title='bbox 829 2733 953 2794; x_wconf 80' lang='lat' dir='ltr'>question</span> <span class='ocrx_word' id='word_1_192' title='bbox 974 2747 1029 2782; x_wconf 64' lang='lat' dir='ltr'>wras</span> <span class='ocrx_word' id='word_1_193' title='bbox 1047 2733 1151 2795; x_wconf 87' lang='lat' dir='ltr'>passed.</span> <span class='ocrx_word' id='word_1_194' title='bbox 1187 2732 1236 2782; x_wconf 87' lang='lat' dir='ltr'>See</span> <span class='ocrx_word' id='word_1_195' title='bbox 1258 2746 1285 2794; x_wconf 89' lang='lat' dir='ltr'>p.</span> <span class='ocrx_word' id='word_1_196' title='bbox 1304 2733 1344 2793; x_wconf 79' lang='lat'>64,</span> 
     </span>
     <span class='ocr_line' id='line_1_25' title="bbox 296 2807 1343 2870; baseline -0.002 -11"><span class='ocrx_word' id='word_1_197' title='bbox 296 2810 385 2860; x_wconf 91' lang='lat' dir='ltr'>them’</span> <span class='ocrx_word' id='word_1_198' title='bbox 406 2810 433 2858; x_wconf 90' lang='lat' dir='ltr'>in</span> <span class='ocrx_word' id='word_1_199' title='bbox 452 2811 498 2857; x_wconf 90' lang='lat' dir='ltr'>the</span> <span class='ocrx_word' id='word_1_200' title='bbox 516 2809 691 2858; x_wconf 83' lang='lat' dir='ltr'>subordinate</span> <span class='ocrx_word' id='word_1_201' title='bbox 709 2808 806 2857; x_wconf 87' lang='lat' dir='ltr'>clause.</span> <span class='ocrx_word' id='word_1_202' title='bbox 830 2808 843 2869; x_wconf 64' lang='grc' dir='ltr'><strong>ἓ</strong></span> <span class='ocrx_word' id='word_1_203' title='bbox 867 2809 907 2858; x_wconf 82' lang='lat'>54.</span> <span class='ocrx_word' id='word_1_204' title='bbox 964 2808 1156 2864; x_wconf 71' lang='lat' dir='ltr'>restiterunt,</span> <span class='ocrx_word' id='word_1_205' title='bbox 1197 2807 1343 2870; x_wconf 82' lang='lat' dir='ltr'>‘ignored’</span> 
     </span>
     <span class='ocr_line' id='line_1_26' title="bbox 283 2881 1263 2945; baseline -0.003 -10"><span class='ocrx_word' id='word_1_206' title='bbox 283 2882 345 2935; x_wconf 77' lang='lat' dir='ltr'>&#39;See</span> <span class='ocrx_word' id='word_1_207' title='bbox 357 2899 391 2934; x_wconf 92' lang='lat' dir='ltr'>on</span> <span class='ocrx_word' id='word_1_208' title='bbox 405 2885 442 2932; x_wconf 89' lang='grc' dir='ltr'>ΙΙ.</span> <span class='ocrx_word' id='word_1_209' title='bbox 458 2883 482 2931; x_wconf 87' lang='grc'>5.</span> <span class='ocrx_word' id='word_1_210' title='bbox 495 2883 523 2945; x_wconf 81' lang='grc'><strong>1;</strong></span> <span class='ocrx_word' id='word_1_211' title='bbox 539 2882 585 2932; x_wconf 83' lang='grc'>19.</span> <span class='ocrx_word' id='word_1_212' title='bbox 599 2884 637 2935; x_wconf 79' lang='lat' dir='ltr'>ii.</span> <span class='ocrx_word' id='word_1_213' title='bbox 829 2882 1070 2941; x_wconf 77' lang='lat' dir='ltr'>observantiam,</span> <span class='ocrx_word' id='word_1_214' title='bbox 1085 2881 1263 2938; x_wconf 82' lang='lat' dir='ltr'>‘deference’</span> 
     </span>
    </p>

    <p class='ocr_par' dir='ltr' id='par_1_11' title="bbox 295 2956 1347 3323">
     <span class='ocr_line' id='line_1_27' title="bbox 327 2956 1347 3020; baseline 0 -13"><span class='ocrx_word' id='word_1_215' title='bbox 327 2959 372 3009; x_wconf 90' lang='lat'>10.</span> <span class='ocrx_word' id='word_1_216' title='bbox 390 2971 454 3007; x_wconf 89' lang='lat' dir='ltr'>uno</span> <span class='ocrx_word' id='word_1_217' title='bbox 477 2994 482 3006; x_wconf 92' lang='lat'>.</span> <span class='ocrx_word' id='word_1_218' title='bbox 507 2993 512 3006; x_wconf 93' lang='lat'><strong><em>.</em></strong></span> <span class='ocrx_word' id='word_1_219' title='bbox 538 2993 544 3006; x_wconf 91' lang='lat'>.</span> <span class='ocrx_word' id='word_1_220' title='bbox 568 2958 679 3020; x_wconf 79' lang='lat' dir='ltr'>spatio,</span> <span class='ocrx_word' id='word_1_221' title='bbox 711 2957 762 3020; x_wconf 86' lang='lat' dir='ltr'>‘by</span> <span class='ocrx_word' id='word_1_222' title='bbox 793 2972 809 3006; x_wconf 84' lang='lat' dir='ltr'>a</span> <span class='ocrx_word' id='word_1_223' title='bbox 862 2957 933 3019; x_wconf 70' lang='lat'>§72-</span> <span class='ocrx_word' id='word_1_224' title='bbox 952 2957 998 3006; x_wconf 83' lang='grc'>26.</span> <span class='ocrx_word' id='word_1_225' title='bbox 1016 2956 1205 3019; x_wconf 78' lang='lat' dir='ltr'>spectacula.</span> <span class='ocrx_word' id='word_1_226' title='bbox 1244 2962 1347 3020; x_wconf 75' lang='lat' dir='ltr'>tempo</span> 
     </span>
     <span class='ocr_line' id='line_1_28' title="bbox 295 3032 1346 3098; baseline -0.002 -14"><span class='ocrx_word' id='word_1_227' title='bbox 295 3035 380 3098; x_wconf 86' lang='lat' dir='ltr'>single</span> <span class='ocrx_word' id='word_1_228' title='bbox 403 3033 497 3096; x_wconf 84' lang='lat' dir='ltr'>length</span> <span class='ocrx_word' id='word_1_229' title='bbox 521 3034 551 3084; x_wconf 77' lang='lat' dir='ltr'>of</span> <span class='ocrx_word' id='word_1_230' title='bbox 577 3047 593 3082; x_wconf 86' lang='lat' dir='ltr'>a</span> <span class='ocrx_word' id='word_1_231' title='bbox 614 3033 705 3096; x_wconf 89' lang='lat' dir='ltr'>public</span> <span class='ocrx_word' id='word_1_232' title='bbox 732 3033 806 3082; x_wconf 80' lang='lat' dir='ltr'>hall’</span> <span class='ocrx_word' id='word_1_233' title='bbox 829 3045 889 3094; x_wconf 86' lang='lat' dir='ltr'>rary</span> <span class='ocrx_word' id='word_1_234' title='bbox 900 3032 994 3082; x_wconf 89' lang='lat' dir='ltr'>stands</span> <span class='ocrx_word' id='word_1_235' title='bbox 1007 3033 1079 3082; x_wconf 83' lang='lat' dir='ltr'>from</span> <span class='ocrx_word' id='word_1_236' title='bbox 1091 3033 1180 3082; x_wconf 85' lang='lat' dir='ltr'>which</span> <span class='ocrx_word' id='word_1_237' title='bbox 1195 3033 1243 3083; x_wconf 85' lang='lat' dir='ltr'>the</span> <span class='ocrx_word' id='word_1_238' title='bbox 1260 3033 1346 3095; x_wconf 81' lang='lat' dir='ltr'>sigliis</span> 
     </span>
     <span class='ocr_line' id='line_1_29' title="bbox 296 3108 1035 3172; baseline -0.004 -12"><span class='ocrx_word' id='word_1_239' title='bbox 296 3111 354 3160; x_wconf 87' lang='lat' dir='ltr'>The</span> <span class='ocrx_word' id='word_1_240' title='bbox 373 3110 504 3160; x_wconf 81' lang='lat' dir='ltr'>basilicae</span> <span class='ocrx_word' id='word_1_241' title='bbox 524 3123 593 3160; x_wconf 85' lang='lat' dir='ltr'>were</span> <span class='ocrx_word' id='word_1_242' title='bbox 613 3109 750 3172; x_wconf 88' lang='lat' dir='ltr'>buildings</span> <span class='ocrx_word' id='word_1_243' title='bbox 773 3123 809 3158; x_wconf 90' lang='lat' dir='ltr'>on</span> <span class='ocrx_word' id='word_1_244' title='bbox 828 3108 906 3156; x_wconf 84' lang='lat' dir='ltr'>could</span> <span class='ocrx_word' id='word_1_245' title='bbox 919 3108 952 3157; x_wconf 87' lang='lat' dir='ltr'>be</span> <span class='ocrx_word' id='word_1_246' title='bbox 964 3121 1035 3158; x_wconf 88' lang='lat' dir='ltr'>seen.</span> 
     </span>
     <span class='ocr_line' id='line_1_30' title="bbox 296 3181 1346 3246; baseline -0.004 -12"><span class='ocrx_word' id='word_1_247' title='bbox 296 3186 342 3235; x_wconf 89' lang='lat' dir='ltr'>the</span> <span class='ocrx_word' id='word_1_248' title='bbox 363 3186 463 3246; x_wconf 84' lang='lat' dir='ltr'>iorum,</span> <span class='ocrx_word' id='word_1_249' title='bbox 487 3199 518 3235; x_wconf 87' lang='lat' dir='ltr'>or</span> <span class='ocrx_word' id='word_1_250' title='bbox 540 3199 605 3235; x_wconf 85' lang='lat' dir='ltr'>near</span> <span class='ocrx_word' id='word_1_251' title='bbox 628 3186 657 3246; x_wconf 90' lang='lat' dir='ltr'>it,</span> <span class='ocrx_word' id='word_1_252' title='bbox 679 3185 744 3234; x_wconf 85' lang='lat' dir='ltr'>used</span> <span class='ocrx_word' id='word_1_253' title='bbox 767 3185 810 3233; x_wconf 84' lang='lat' dir='ltr'>for</span> <span class='ocrx_word' id='word_1_254' title='bbox 860 3181 906 3230; x_wconf 78' lang='lat'>28.</span> <span class='ocrx_word' id='word_1_255' title='bbox 923 3195 1010 3231; x_wconf 83' lang='lat' dir='ltr'>more</span> <span class='ocrx_word' id='word_1_256' title='bbox 1023 3185 1056 3231; x_wconf 91' lang='lat' dir='ltr'>et</span> <span class='ocrx_word' id='word_1_257' title='bbox 1068 3181 1171 3239; x_wconf 83' lang='lat' dir='ltr'>modo,</span> <span class='ocrx_word' id='word_1_258' title='bbox 1185 3181 1346 3244; x_wconf 76' lang='lat' dir='ltr'>‘according</span> 
     </span>
     <span class='ocr_line' id='line_1_31' title="bbox 295 3257 1343 3323; baseline -0.005 -12"><span class='ocrx_word' id='word_1_259' title='bbox 295 3260 364 3311; x_wconf 87' lang='lat' dir='ltr'>halis</span> <span class='ocrx_word' id='word_1_260' title='bbox 375 3261 405 3310; x_wconf 88' lang='grc' dir='ltr'><strong>ο1</strong></span> <span class='ocrx_word' id='word_1_261' title='bbox 416 3262 522 3323; x_wconf 83' lang='lat' dir='ltr'>justice,</span> <span class='ocrx_word' id='word_1_262' title='bbox 536 3262 697 3323; x_wconf 77' lang='lat' dir='ltr'>excitanges,</span> <span class='ocrx_word' id='word_1_263' title='bbox 710 3267 759 3310; x_wconf 87' lang='lat' dir='ltr'>ete.</span> <span class='ocrx_word' id='word_1_264' title='bbox 829 3263 858 3307; x_wconf 89' lang='lat' dir='ltr'>to</span> <span class='ocrx_word' id='word_1_265' title='bbox 874 3263 980 3308; x_wconf 90' lang='lat' dir='ltr'>custom</span> <span class='ocrx_word' id='word_1_266' title='bbox 997 3258 1051 3306; x_wconf 90' lang='lat' dir='ltr'>and</span> <span class='ocrx_word' id='word_1_267' title='bbox 1069 3258 1137 3308; x_wconf 88' lang='lat' dir='ltr'>with</span> <span class='ocrx_word' id='word_1_268' title='bbox 1155 3257 1343 3318; x_wconf 84' lang='lat' dir='ltr'>moderation,&#39;</span> 
     </span>
    </p>

    <p class='ocr_par' dir='ltr' id='par_1_12' title="bbox 329 3332 1306 3399">
     <span class='ocr_line' id='line_1_32' title="bbox 329 3332 1306 3399; baseline -0.007 -11"><span class='ocrx_word' id='word_1_269' title='bbox 329 3337 394 3398; x_wconf 77' lang='lat' dir='ltr'>§in</span> <span class='ocrx_word' id='word_1_270' title='bbox 413 3336 458 3384; x_wconf 90' lang='grc'>15.</span> <span class='ocrx_word' id='word_1_271' title='bbox 476 3337 543 3386; x_wconf 83' lang='lat' dir='ltr'>sine</span> <span class='ocrx_word' id='word_1_272' title='bbox 562 3338 658 3399; x_wconf 82' lang='lat' dir='ltr'>(verb),</span> <span class='ocrx_word' id='word_1_273' title='bbox 675 3336 806 3399; x_wconf 82' lang='lat' dir='ltr'>‘permit’</span> <span class='ocrx_word' id='word_1_274' title='bbox 829 3332 883 3394; x_wconf 88' lang='lat' dir='ltr'>i.e.,</span> <span class='ocrx_word' id='word_1_275' title='bbox 896 3338 945 3382; x_wconf 91' lang='lat' dir='ltr'>not</span> <span class='ocrx_word' id='word_1_276' title='bbox 955 3332 1043 3393; x_wconf 78' lang='lat' dir='ltr'>vulgo,</span> <span class='ocrx_word' id='word_1_277' title='bbox 1057 3347 1087 3382; x_wconf 87' lang='lat' dir='ltr'>as</span> <span class='ocrx_word' id='word_1_278' title='bbox 1100 3332 1168 3383; x_wconf 77' lang='lat' dir='ltr'>Octo</span> <span class='ocrx_word' id='word_1_279' title='bbox 1180 3333 1306 3382; x_wconf 74' lang='lat' dir='ltr'>asserted.</span> 
     </span>
    </p>

    <p class='ocr_par' dir='ltr' id='par_1_13' title="bbox 296 3406 1345 3625">
     <span class='ocr_line' id='line_1_33' title="bbox 328 3406 1345 3474; baseline 0.002 -14"><span class='ocrx_word' id='word_1_280' title='bbox 328 3413 373 3460; x_wconf 86' lang='lat'>22.</span> <span class='ocrx_word' id='word_1_281' title='bbox 390 3412 451 3474; x_wconf 82' lang='lat' dir='ltr'>legi</span> <span class='ocrx_word' id='word_1_282' title='bbox 489 3413 612 3472; x_wconf 76' lang='lat' dir='ltr'>Fabiae,</span> <span class='ocrx_word' id='word_1_283' title='bbox 652 3413 809 3463; x_wconf 90' lang='lat' dir='ltr'>mentioned</span> <span class='ocrx_word' id='word_1_284' title='bbox 860 3407 906 3465; x_wconf 76' lang='grc'>29,</span> <span class='ocrx_word' id='word_1_285' title='bbox 928 3406 974 3457; x_wconf 74' lang='grc'>30·</span> <span class='ocrx_word' id='word_1_286' title='bbox 992 3407 1173 3458; x_wconf 71' lang='lat' dir='ltr'>admonitu!</span> <span class='ocrx_word' id='word_1_287' title='bbox 1203 3419 1236 3456; x_wconf 76' lang='lat'>10</span> <span class='ocrx_word' id='word_1_288' title='bbox 1269 3407 1345 3468; x_wconf 69' lang='lat'>19⁸⁸,</span> 
     </span>
     <span class='ocr_line' id='line_1_34' title="bbox 296 3483 1344 3551; baseline -0.004 -15"><span class='ocrx_word' id='word_1_289' title='bbox 296 3488 360 3536; x_wconf 89' lang='lat' dir='ltr'>here</span> <span class='ocrx_word' id='word_1_290' title='bbox 379 3489 451 3550; x_wconf 88' lang='lat' dir='ltr'>only,</span> <span class='ocrx_word' id='word_1_291' title='bbox 470 3490 586 3550; x_wconf 83' lang='lat' dir='ltr'>perhaps</span> <span class='ocrx_word' id='word_1_292' title='bbox 603 3503 619 3538; x_wconf 81' lang='lat' dir='ltr'>a</span> <span class='ocrx_word' id='word_1_293' title='bbox 637 3488 809 3551; x_wconf 88' lang='lat' dir='ltr'>supplement</span> <span class='ocrx_word' id='word_1_294' title='bbox 831 3483 986 3534; x_wconf 88' lang='lat' dir='ltr'>‘reminded</span> <span class='ocrx_word' id='word_1_295' title='bbox 1009 3485 1043 3547; x_wconf 87' lang='lat' dir='ltr'>by</span> <span class='ocrx_word' id='word_1_296' title='bbox 1063 3485 1111 3534; x_wconf 90' lang='lat' dir='ltr'>the</span> <span class='ocrx_word' id='word_1_297' title='bbox 1130 3498 1203 3534; x_wconf 90' lang='lat' dir='ltr'>mere</span> <span class='ocrx_word' id='word_1_298' title='bbox 1223 3484 1344 3533; x_wconf 86' lang='lat' dir='ltr'>mention</span> 
     </span>
     <span class='ocr_line' id='line_1_35' title="bbox 296 3561 1343 3625; baseline -0.004 -14"><span class='ocrx_word' id='word_1_299' title='bbox 296 3566 325 3612; x_wconf 91' lang='lat' dir='ltr'>to</span> <span class='ocrx_word' id='word_1_300' title='bbox 339 3562 440 3612; x_wconf 75' lang='lat' dir='ltr'>theles</span> <span class='ocrx_word' id='word_1_301' title='bbox 454 3563 683 3625; x_wconf 61' lang='lat' dir='ltr'>Calpurniatld.</span> <span class='ocrx_word' id='word_1_302' title='bbox 698 3566 721 3613; x_wconf 82' lang='lat'>2.</span> <span class='ocrx_word' id='word_1_303' title='bbox 829 3561 859 3610; x_wconf 92' lang='lat' dir='ltr'>oi</span> <span class='ocrx_word' id='word_1_304' title='bbox 883 3561 923 3610; x_wconf 87' lang='lat' dir='ltr'>n.’</span> <span class='ocrx_word' id='word_1_305' title='bbox 970 3563 1121 3622; x_wconf 82' lang='lat' dir='ltr'>quantum</span> <span class='ocrx_word' id='word_1_306' title='bbox 1144 3563 1343 3622; x_wconf 85' lang='lat' dir='ltr'>punctorum,</span> 
     </span>
    </p>

    <p class='ocr_par' dir='ltr' id='par_1_14' title="bbox 297 3635 1346 3929">
     <span class='ocr_line' id='line_1_36' title="bbox 328 3635 1344 3701; baseline -0.003 -15"><span class='ocrx_word' id='word_1_307' title='bbox 328 3637 373 3695; x_wconf 80' lang='lat'>23,</span> <span class='ocrx_word' id='word_1_308' title='bbox 384 3638 429 3686; x_wconf 75' lang='lat'>24.</span> <span class='ocrx_word' id='word_1_309' title='bbox 446 3637 477 3687; x_wconf 76' lang='lat'>11.</span> <span class='ocrx_word' id='word_1_310' title='bbox 488 3638 586 3701; x_wconf 78' lang='lat' dir='ltr'>(iulio)</span> <span class='ocrx_word' id='word_1_311' title='bbox 600 3638 810 3696; x_wconf 72' lang='lat' dir='ltr'>Caesarecon-</span> <span class='ocrx_word' id='word_1_312' title='bbox 831 3636 909 3686; x_wconf 85' lang='lat' dir='ltr'>‘how</span> <span class='ocrx_word' id='word_1_313' title='bbox 927 3651 1009 3699; x_wconf 78' lang='lat' dir='ltr'>many</span> <span class='ocrx_word' id='word_1_314' title='bbox 1027 3635 1121 3686; x_wconf 66' lang='lat' dir='ltr'>votes!</span> <span class='ocrx_word' id='word_1_315' title='bbox 1157 3636 1197 3685; x_wconf 90' lang='lat' dir='ltr'>At</span> <span class='ocrx_word' id='word_1_316' title='bbox 1218 3650 1252 3684; x_wconf 90' lang='lat' dir='ltr'>an</span> <span class='ocrx_word' id='word_1_317' title='bbox 1277 3635 1344 3684; x_wconf 89' lang='lat' dir='ltr'>eiec-</span> 
     </span>
     <span class='ocr_line' id='line_1_37' title="bbox 297 3713 1345 3776; baseline -0.001 -13"><span class='ocrx_word' id='word_1_318' title='bbox 297 3714 338 3764; x_wconf 90' lang='lat' dir='ltr'>sul</span> <span class='ocrx_word' id='word_1_319' title='bbox 362 3715 390 3763; x_wconf 91' lang='lat' dir='ltr'>in</span> <span class='ocrx_word' id='word_1_320' title='bbox 416 3715 460 3776; x_wconf 77' lang='lat'>643</span> <span class='ocrx_word' id='word_1_321' title='bbox 488 3715 548 3763; x_wconf 84' lang='lat' dir='ltr'>that</span> <span class='ocrx_word' id='word_1_322' title='bbox 576 3715 668 3764; x_wconf 89' lang='lat' dir='ltr'>consul</span> <span class='ocrx_word' id='word_1_323' title='bbox 697 3715 761 3776; x_wconf 88' lang='lat' dir='ltr'>only</span> <span class='ocrx_word' id='word_1_324' title='bbox 787 3716 809 3763; x_wconf 91' lang='lat' dir='ltr'>is</span> <span class='ocrx_word' id='word_1_325' title='bbox 830 3715 885 3761; x_wconf 89' lang='lat' dir='ltr'>tion</span> <span class='ocrx_word' id='word_1_326' title='bbox 909 3715 938 3762; x_wconf 86' lang='lat' dir='ltr'>of</span> <span class='ocrx_word' id='word_1_327' title='bbox 960 3716 1130 3776; x_wconf 87' lang='lat' dir='ltr'>magistrates</span> <span class='ocrx_word' id='word_1_328' title='bbox 1149 3727 1166 3762; x_wconf 84' lang='lat' dir='ltr'>a</span> <span class='ocrx_word' id='word_1_329' title='bbox 1184 3714 1270 3763; x_wconf 89' lang='lat' dir='ltr'>ticket</span> <span class='ocrx_word' id='word_1_330' title='bbox 1293 3713 1345 3772; x_wconf 82' lang='lat' dir='ltr'>(ta-</span> 
     </span>
     <span class='ocr_line' id='line_1_38' title="bbox 297 3789 1346 3853; baseline -0.001 -15"><span class='ocrx_word' id='word_1_331' title='bbox 297 3791 453 3840; x_wconf 87' lang='lat' dir='ltr'>mentioned</span> <span class='ocrx_word' id='word_1_332' title='bbox 469 3791 530 3840; x_wconf 86' lang='lat' dir='ltr'>who</span> <span class='ocrx_word' id='word_1_333' title='bbox 548 3791 670 3853; x_wconf 86' lang='lat' dir='ltr'>presided</span> <span class='ocrx_word' id='word_1_334' title='bbox 688 3804 752 3840; x_wconf 91' lang='lat' dir='ltr'>over</span> <span class='ocrx_word' id='word_1_335' title='bbox 763 3791 809 3839; x_wconf 92' lang='lat' dir='ltr'>the</span> <span class='ocrx_word' id='word_1_336' title='bbox 829 3789 910 3844; x_wconf 80' lang='lat' dir='ltr'>bellat</span> <span class='ocrx_word' id='word_1_337' title='bbox 941 3791 1100 3853; x_wconf 85' lang='lat' dir='ltr'>containing</span> <span class='ocrx_word' id='word_1_338' title='bbox 1128 3791 1175 3840; x_wconf 91' lang='lat' dir='ltr'>the</span> <span class='ocrx_word' id='word_1_339' title='bbox 1198 3803 1293 3840; x_wconf 85' lang='lat' dir='ltr'>names</span> <span class='ocrx_word' id='word_1_340' title='bbox 1317 3789 1346 3838; x_wconf 87' lang='lat' dir='ltr'>oi</span> 
     </span>
     <span class='ocr_line' id='line_1_39' title="bbox 297 3865 1346 3929; baseline -0.001 -14"><span class='ocrx_word' id='word_1_341' title='bbox 297 3871 389 3915; x_wconf 87' lang='lat' dir='ltr'>senate</span> <span class='ocrx_word' id='word_1_342' title='bbox 418 3867 495 3916; x_wconf 86' lang='lat' dir='ltr'>when</span> <span class='ocrx_word' id='word_1_343' title='bbox 524 3866 571 3915; x_wconf 83' lang='lat' dir='ltr'>the</span> <span class='ocrx_word' id='word_1_344' title='bbox 600 3865 753 3916; x_wconf 79' lang='lat' dir='ltr'>consultum</span> <span class='ocrx_word' id='word_1_345' title='bbox 779 3866 808 3913; x_wconf 93' lang='lat' dir='ltr'>in</span> <span class='ocrx_word' id='word_1_346' title='bbox 829 3865 865 3914; x_wconf 84' lang='lat' dir='ltr'>all</span> <span class='ocrx_word' id='word_1_347' title='bbox 889 3866 937 3915; x_wconf 91' lang='lat' dir='ltr'>the</span> <span class='ocrx_word' id='word_1_348' title='bbox 959 3866 1117 3916; x_wconf 80' lang='lat' dir='ltr'>candidates</span> <span class='ocrx_word' id='word_1_349' title='bbox 1138 3879 1192 3916; x_wconf 82' lang='lat' dir='ltr'>was</span> <span class='ocrx_word' id='word_1_350' title='bbox 1214 3867 1293 3929; x_wconf 86' lang='lat' dir='ltr'>given</span> <span class='ocrx_word' id='word_1_351' title='bbox 1317 3870 1346 3914; x_wconf 87' lang='lat' dir='ltr'>to</span> 
     </span>
    </p>
   </div>
   <div class='ocr_carea' id='block_1_6' title="bbox 0 0 1482 4374">
    <p class='ocr_par' dir='ltr' id='par_1_15' title="bbox 0 0 1482 4374">
     <span class='ocr_line' id='line_1_40' title="bbox 0 0 1482 4374; baseline 0 0"><span class='ocrx_word' id='word_1_352' title='bbox 0 0 1482 4374; x_wconf 95' lang='lat' dir='ltr'> </span> 
     </span>
    </p>
   </div>
  </div>
 </body>
</html>
