2870 4376
436 343 516 400 err.
540 344 629 409 rrae„
653 343 772 411 esser.
1105 331 1169 405 507

64 538 109 586 ne
127 527 320 606 quaeratur,
338 542 378 586 ne
396 522 600 586 mentionem
624 521 759 584 omnino
783 521 940 606 cuiquam
963 519 1113 586 iudicum

64 631 129 688 aut
167 623 367 688 iudiciorum
400 624 508 689 facere
540 623 659 688 liceat!
707 624 800 703 Quid
838 633 955 711 ageret
991 625 1044 690 vir
1073 625 1117 691 ad

65 728 242 805 virtutem,
270 727 481 815 dignitatem,
513 729 653 815 gloriam
682 737 783 792 natus
810 729 845 793 vi
877 729 1114 795 sceleratorum

64 831 242 896 hominum
272 831 500 908 conroborata,
540 832 672 919 legibus
710 831 916 919 iudiciisque
948 833 1117 900 sublatis?
1140 850 1170 897 ac

66 934 226 1001 Cervices
257 935 414 1000 tribunus
453 937 497 1021 pl.
529 938 672 1021 privato,
711 937 1023 1022 praestantissimus
1061 940 1115 1004 vir

65 1038 340 1126 profligatissimo
374 1041 502 1104 homini
541 1040 637 1105 daret
670 1062 713 1105 an
752 1063 885 1106 causam
926 1049 1117 1127 susceptam

65 1143 271 1208 abiceret-an
287 1167 321 1210 se
344 1143 433 1208 domi
455 1145 667 1210 contineret?
714 1145 761 1210 Et
783 1146 873 1210 vinci
897 1152 996 1230 turpe
1023 1153 1118 1231 puta·

65 1248 119 1312 vit
134 1255 170 1312 et
185 1247 343 1313 deterreri
360 1256 395 1314 et
410 1249 535 1324 latere3
559 1248 713 1333 perfecit,
738 1257 786 1326 ut,
812 1251 972 1335 quoniam
995 1251 1058 1315 sibi
1080 1251 1116 1314 in

65 1351 163 1415 illum
180 1351 312 1438 legibus
335 1353 386 1417 uti
410 1374 477 1416 non
500 1353 627 1429 liceret,
651 1354 745 1418 illius
768 1355 838 1418 vim
861 1375 972 1440 neque
996 1355 1031 1418 in
1055 1375 1118 1419 suo
1140 1371 1170 1416 ao

66 1475 181 1539 neque
196 1456 230 1518 in
247 1456 295 1520 rei
311 1455 464 1541 publicae
481 1457 632 1541 periculo
649 1459 909 1541 pertimesceret.

111 1577 200 1624 xnu.
226 1560 304 1640 Quo
319 1560 419 1626 modo
434 1563 541 1648 igitur
563 1561 626 1627 hoc
651 1563 685 1625 in
711 1584 832 1648 genere
858 1562 1015 1648 praesidii
1040 1584 1115 1628 con·
1129 1567 1170 1630 60

66 1666 175 1749 parati
200 1685 337 1730 accusas
368 1664 526 1741 Sestium,
551 1687 627 1730 cum
661 1665 750 1732 idem
780 1666 899 1732 laudes
930 1666 1117 1733 Milonem?

68 1768 136 1845 An,
163 1770 222 1854 qui
246 1790 309 1834 sua
333 1777 424 1834 tecta
448 1769 611 1845 defendit,
637 1771 697 1855 qui
720 1769 763 1835 ab
785 1771 860 1846 arie,
880 1769 965 1835 focis
987 1769 1114 1836 ferrum

66 1869 304 1958 flammamque
331 1872 480 1959 depellit,
502 1874 559 1959 qui
584 1873 646 1938 eibi
668 1874 769 1939 licere
793 1875 867 1939 volt
891 1881 968 1940 tuto
984 1895 1057 1940 ease
1080 1875 1116 1938 in

67 1974 151 2052 foro,
168 1977 204 2040 in
220 1977 357 2062 templo,
373 1979 406 2041 in
421 1978 523 2052 curia,
538 1978 609 2041 iure
626 1977 831 2061 praesidium
841 1987 1034 2062 comparat3
1058 1980 1118 2064 qui
1155 1995 1171 2040 r

68 2080 277 2157 vulneribus,
295 2102 381 2166 quae
399 2082 507 2146 cernit
518 2079 641 2147 cotidie
655 2088 727 2145 toto
741 2103 888 2166 corpore,
901 2089 1066 2158 monetur,
1077 2090 1118 2147 ut

68 2184 184 2270 aliquo
199 2184 366 2270 praesidio
383 2192 487 2270 caput
502 2192 538 2249 et
552 2185 700 2249 cervices
716 2193 751 2250 et
767 2185 924 2271 iugulum
948 2207 986 2250 ac
1009 2186 1115 2251 latera

69 2295 211 2364 tutetur,
236 2289 326 2353 hunc
351 2288 392 2354 de
415 2290 449 2354 vi
481 2288 708 2354 accusandum
739 2289 863 2374 putas?
909 2289 995 2368 Quis
1026 2291 1170 2358 enim91

70 2400 231 2468 nostrum,
263 2392 402 2469 iudiceS,
431 2393 565 2479 ignorat
591 2394 639 2457 ita
665 2400 818 2456 naturam
848 2414 957 2458 rerum
988 2393 1116 2471 tulisse,

70 2504 110 2560 ut
132 2496 278 2581 quodam
302 2504 450 2582 tempore
474 2497 627 2562 homines
654 2495 804 2561 nondum
834 2518 944 2583 neque
972 2499 1118 2564 naturali
1142 2515 1171 2560 10

69 2620 179 2685 neque
202 2601 294 2665 civili
321 2601 393 2665 iure
416 2600 584 2686 descripto
608 2600 676 2666 fusi
704 2623 765 2686 per
790 2622 887 2688 agros
911 2623 950 2666 ec
974 2601 1117 2687 dispersi

70 2711 275 2791 vagarentur
304 2712 508 2790 tantumque
540 2703 710 2779 haberent,
742 2713 908 2789 quantum
940 2726 1040 2769 uranu
1078 2728 1116 2772 ec

103 2883 199 2933 23-31.
234 2887 352 2946 ageret:
376 2885 419 2934 for
440 2884 519 2934 mood
544 2884 579 2934 ci.
607 2883 681 2946 Milo,
696 2885 757 2934 that
775 2883 803 2933 ln
822 2883 868 2932 15
887 2890 915 2932 to
927 2883 1038 2933 Sestius.
1074 2883 1118 2933 Gi.

71 2962 135 3023 §Si
150 2963 189 3023 10,
203 2963 387 3024 quiesceretis.
420 2959 581 3011 Cervices:
605 2960 735 3022 carefully
755 2960 802 3010 the
820 2959 923 3009 similar
941 2965 1068 3009 sentence
1090 2959 1119 3010 ln

72 3053 114 3088 see
136 3053 172 3088 on
196 3039 265 3088 Mur.
280 3037 326 3087 ⁷9.
349 3039 389 3088 21.
411 3037 581 3087 domicen-
605 3037 671 3087 Sull.
685 3037 789 3086 23.5f.
824 3034 1007 3096 templonio
1016 3038 1116 3086 rostra.

71 3114 280 3172 tineretaside
288 3115 379 3164 thmst
387 3121 416 3164 at
424 3115 581 3177 Pompeius:
604 3113 684 3162 lure:
701 3114 756 3162 thIs
776 3114 798 3162 is
816 3113 863 3162 the
881 3113 1017 3175 emphatic
1034 3113 1116 3164 word.

72 3191 106 3241 cf.
129 3188 142 3247 i
169 3192 209 3242 69.
239 3189 263 3244 7.
302 3189 444 3253 perfecit,
472 3193 580 3240 ut...
603 3189 700 3239 hunc:
746 3190 807 3252 why
846 3196 894 3238 not
937 3191 1019 3240 corni
1074 3190 1116 3240 cf.

71 3267 319 3329 pertimesceret:
357 3268 402 3317 for
433 3267 481 3316 the
513 3267 581 3330 peri·
605 3267 654 3328 iss·
668 3267 691 3318 7.

72 3344 176 3405 phrasis
209 3344 245 3394 cf.
277 3344 328 3408 Ep.
364 3343 446 3393 XIII.
478 3343 503 3391 2.
537 3343 581 3404 233
637 3341 702 3402 §aa
732 3338 813 3389 9-12,
844 3341 986 3387 naturam
1009 3351 1118 3397 rerum,

73 3419 136 3470 Suli.
150 3418 196 3469 69.
208 3421 252 3484 213
268 3420 322 3469 III.
337 3419 363 3468 7.
376 3421 414 3470 16.
607 3416 746 3466 ‘naturet’
760 3429 845 3466 aeeon
854 3417 868 3478 ᾗ
877 3417 916 3469 73.
926 3417 949 3466 8.
979 3416 1119 3465 nondum

605 3504 753 3555 neque..
771 3529 777 3541 .
794 3505 909 3554 neque:
934 3493 982 3542 the
1005 3492 1119 3542 correla-

104 3571 169 3634 §90.
182 3571 244 3622 1-a.
262 3570 323 3622 iroc
341 3607 347 3621 .
364 3607 370 3620 .
387 3607 394 3620 .
411 3569 581 3633 conparati,
606 3570 674 3620 tives
693 3583 779 3632 neque
797 3606 803 3619 .
823 3607 830 3619 .
850 3605 856 3618 .
875 3582 972 3630 oeque,
998 3570 1051 3618 and
1068 3583 1117 3619 nec

75 3647 119 3699 ‘iu
136 3649 192 3699 thia
213 3654 313 3699 matter
334 3648 408 3710 (viz.)
430 3648 460 3698 of
481 3648 583 3711 having
606 3683 613 3697 .
634 3682 640 3697 .
660 3683 666 3696 .
685 3659 734 3696 nec
747 3645 1119 3708 areoitennsedpartitively

74 3725 198 3788 gathered
210 3739 245 3776 an
258 3726 349 3775 armed
362 3724 463 3775 iorcet’
483 3725 526 3774 for
537 3725 583 3774 the
607 3724 677 3773 aiter
694 3737 710 3772 a
728 3723 835 3786 general
858 3723 984 3785 negative
1003 3723 1119 3773 without

74 3803 138 3865 gen.
152 3802 187 3852 ci.
209 3799 234 3864 §5
255 3803 294 3854 63.
316 3804 359 3865 16;
382 3803 420 3852 18.
444 3801 472 3863 6;
494 3802 517 3851 6.
543 3802 580 3851 10.
607 3800 959 3863 destroyingthenegatlon.
987 3801 1118 3857 tantum,

75 3876 133 3938 An,
149 3877 209 3941 qul.
231 3883 297 3929 etc:
315 3879 372 3930 thie
389 3878 438 3942 qai
455 3876 539 3929 refers
555 3882 585 3928 to
607 3873 1053 3940 aelnsuii.21.13;111.25.37.
