2954 4374
226 263 290 333 232
486 279 625 330 onorio
649 278 689 328 nr
713 277 924 329 crunnum
948 279 1093 329 raama
1181 251 1184 258 ’

276 451 344 518 bat.
390 450 506 536 Atque
530 450 575 514 ibi
599 450 888 516 vehementissime
911 450 1128 534 perturbatus
1152 450 1319 518 Lentulus

276 565 388 621 tamen
419 563 454 619 et
482 555 616 642 signum
647 561 682 619 et
711 575 846 617 manum
877 577 970 618 suam
999 557 1167 642 cognovit.
1214 558 1321 621 Erant
1404 552 1408 558 ’

224 677 254 723 co
275 667 389 725 autem
411 661 484 724 sine
506 659 650 736 nomine,
674 659 733 723 sed
760 659 824 722 ita:
855 659 986 738 ‘Quis
1018 661 1244 738 sim,scies
1269 684 1318 727 ex

277 763 746 850 e0‚quemadtemisi.
786 763 1320 852 Oura,utvirsis,etcog-

276 871 351 947 ita,
376 891 502 954 quem
526 869 739 932 inlocum
766 869 828 933 sis
861 890 1146 956 progressus.
1193 869 1319 946 Vide,

277 973 443 1060 ecquid
484 972 570 1038 tibi
605 974 687 1036 iam
720 974 784 1037 sit
816 995 1014 1050 necesse,
1042 981 1086 1038 et
1117 997 1233 1051 cura,
1272 982 1321 1038 ut

278 1079 470 1144 omnium
493 1077 579 1143 tibi
603 1077 1037 1165 auxiliaadiungaa
1061 1079 1197 1143 etiam
1220 1079 1321 1142 inii-

224 1200 253 1245 45
276 1183 461 1248 morum'
508 1181 672 1258 Gabinius
689 1181 809 1246 deinde
826 1181 1039 1246 introductus
1052 1205 1128 1247 cum
1145 1185 1250 1268 primo
1263 1185 1321 1247 im-

277 1286 443 1373 pudenter
454 1286 653 1372 respondere
666 1286 839 1370 coepisset,
851 1285 893 1349 ad
905 1294 1093 1351 extremum
1110 1287 1195 1350 nihil
1211 1272 1252 1352 ex
1268 1288 1319 1364 iis,

115 1378 119 1385 ⁴
226 1395 263 1456 13
276 1414 361 1476 quae
393 1390 484 1456 Galli
514 1390 764 1467 insimulabant,
787 1391 933 1477 negavit.
980 1391 1032 1454 Ac
1060 1390 1140 1454 mihi
1172 1390 1319 1476 quidem,

278 1495 438 1574 Quirites,
455 1517 531 1560 cum
548 1495 605 1559 iila
621 1495 805 1560 certissima
821 1495 892 1559 visa
907 1503 988 1559 sunt
1002 1503 1200 1582 argumenta
1218 1484 1320 1580 atquo

277 1599 401 1664 indicia
427 1599 570 1675 sceleris
587 1597 739 1675 tabellae,
756 1601 862 1686 signa,
887 1620 1015 1676 manus,
1045 1599 1190 1685 denique
1218 1601 1320 1664 unius

224 1721 254 1765 oo
276 1705 440 1788 cuiusque
456 1703 631 1780 confessio,
649 1710 721 1767 tum
738 1705 845 1768 multo
863 1705 1003 1767 certiora
1020 1704 1086 1780 illa,
1101 1704 1201 1780 color,
1219 1704 1318 1780 oculi,

277 1809 402 1884 voltus,
419 1809 640 1872 taciturnitas.
687 1806 744 1885 Sic
757 1809 844 1871 eninr
863 1806 1117 1892 obstupuerant,
1134 1808 1181 1872 sic
1198 1815 1318 1872 terram

277 1911 506 1989 intuebantur,
524 1913 570 1976 sic
590 1910 707 1974 furtim
731 1933 796 1975 non
822 1933 1006 1996 numquam
1030 1912 1119 1976 inter
1141 1932 1213 1976 sese
1237 1911 1321 1996 aspi·

278 2016 419 2093 ciebant,
437 2024 556 2080 utnon
574 2017 639 2078 iam
655 2015 696 2079 ab
711 2015 785 2080 aliis
802 2015 950 2092 indicari,
967 2015 1026 2080 sed
1043 2015 1187 2080 iudicare
1204 2015 1320 2100 seipsi
1361 2069 1364 2076 .

278 2121 483 2188 viderentur.
587 2179 602 2203 ,

320 2243 368 2291 VI.
402 2225 539 2290 Iudiciis
556 2227 716 2310 expositis
735 2233 837 2311 atque
861 2226 970 2302 editis,
989 2225 1149 2306 Quirites,
1166 2234 1321 2292 senatum

278 2331 443 2406 consului,
472 2330 512 2394 de
550 2352 679 2394 summa
710 2353 744 2394 re
781 2330 916 2414 publica
946 2330 1030 2414 quid
1061 2331 1131 2395 fieri
1163 2331 1319 2415 placeret.

279 2435 398 2499 Dictae
414 2444 495 2498 suut
517 2457 536 2498 a
551 2435 756 2519 principibus
773 2435 949 2499 acerrimae
966 2457 1003 2499 ao
1026 2434 1225 2500 fortissimae
1248 2457 1321 2500 sen-

278 2539 413 2615 tentiae,
425 2560 508 2623 quas
521 2547 657 2604 serratus
670 2539 741 2602 siue
758 2539 829 2602 ulla
846 2540 1006 2603 varietate
1024 2547 1076 2606 est
1091 2547 1235 2605 secutus.
1275 2539 1322 2603 Et

307 2736 354 2785 ⁴0.
371 2735 438 2785 sine
460 2736 625 2793 nomine,
655 2736 787 2786 ‘without
807 2748 875 2785 cra:
887 2737 934 2786 the
946 2738 1127 2800 comparative
1136 2738 1199 2787 here
1209 2737 1321 2787 denotet

276 2813 431 2876 signatore)
483 2813 542 2862 'l'he
570 2813 689 2862 Romans
717 2828 787 2863 com-
807 2813 928 2876 ahigher
937 2814 1031 2876 degree
1040 2814 1069 2862 oi
1081 2814 1128 2862 the
1140 2813 1242 2876 quality
1251 2814 1320 2862 than

276 2889 388 2938 menced
419 2890 490 2939 their
520 2888 612 2938 letters
641 2891 707 2939 with
738 2905 788 2940 our
808 2890 854 2938 the
877 2889 1052 2952 superlative:
1080 2891 1108 2938 in
1131 2891 1206 2939 what
1233 2903 1319 2952 sense,

276 2966 376 3028 society
392 2965 474 3014 form:
492 2967 541 3014 ΜΓ.
562 2965 637 3015 John
655 2966 713 3015 Doe
730 2980 788 3029 pre-
808 2965 950 3026 therefore,
965 2967 987 3015 is
999 2966 1045 3015 the
1057 2965 1136 3015 latter
1147 2967 1235 3016 used?

277 3047 350 3090 senta
377 3043 420 3090 his
456 3041 644 3104 corupiiurents
680 3049 708 3092 to
736 3044 785 3092 ΜΓ,
839 3041 884 3089 52.
901 3042 982 3090 inter
993 3044 1123 3092 sesech.
1134 3041 1210 3092 Caes.
1220 3044 1242 3092 1.
1254 3041 1320 3106 3.8;

277 3117 392 3167 Richard
406 3117 469 3168 Roe.
506 3119 571 3168 This
583 3119 637 3168 line
649 3119 702 3168 had
720 3120 787 3169 been
808 3117 858 3168 IV.
870 3117 917 3167 25.
931 3119 955 3179 5,
969 3119 1023 3167 and
1035 3118 1143 3180 explain
1153 3119 1201 3168 the
1213 3120 1318 3182 phrase.

277 3193 389 3243 omitted
402 3194 436 3255 by
449 3194 589 3244 Lentulus.
840 3193 908 3242 Give
919 3194 966 3243 the
978 3195 1163 3244 construction
1176 3195 1206 3244 oi
1218 3195 1264 3244 the
1276 3196 1321 3244 ab·

308 3269 354 3317 41.
372 3282 417 3327 eo,
430 3271 513 3320 who?
536 3269 623 3327 Cura,
631 3272 702 3320 verb.
732 3271 787 3330 vir,
808 3269 903 3319 latives
923 3270 951 3319 in
969 3270 995 3318 ll.
1016 3271 1040 3333 4,
1061 3271 1085 3333 8,
1106 3273 1145 3333 11,
1167 3272 1205 3332 19,
1225 3273 1265 3333 26,
1278 3272 1319 3333 29,

276 3347 408 3409 implying
421 3347 467 3396 the
480 3347 604 3410 quaiities
616 3348 737 3397 summed
750 3363 793 3417 up¹
806 3346 847 3407 33,
860 3346 899 3407 37,
912 3347 952 3396 53.

277 3420 412 3470 invirtus.

308 3497 354 3554 45,
371 3496 417 3546 46.
435 3497 581 3558 primo..
599 3534 604 3547 .
622 3499 787 3560 coepisset,
838 3499 865 3557 1,
876 3500 902 3548 2.
920 3500 1081 3562 expositis,
1099 3501 1206 3550 editis:
1224 3516 1267 3551 see
1284 3516 1320 3551 on

276 3573 586 3636 acommonpleonasm.
808 3577 923 3638 §inat
953 3575 1117 3625 summare
1128 3576 1321 3638 publica:see

309 3650 374 3712 §ra
393 3650 495 3700 48-50.
513 3651 573 3708 illa,
599 3652 660 3701 ‘the
687 3652 788 3701 follow·
808 3651 989 3702 onl.11.13.

277 3726 342 3790 Ing!
374 3727 409 3776 A.
429 3728 475 3776 102
488 3727 502 3776 b
516 3727 549 3777 ad
568 3728 628 3789 fiu.;
646 3728 678 3777 G.
693 3730 748 3789 292,
761 3730 789 3790 4;
840 3726 866 3786 3,
877 3728 903 3775 4.
920 3728 1121 3790 principibus,
1135 3731 1197 3780 ‘the
1214 3731 1322 3794 leading

277 3802 314 3854 Η.
325 3803 405 3854 4503.
436 3805 612 3870 certissima
629 3841 635 3852 .
652 3840 658 3852 .
675 3841 681 3851 .
699 3805 788 3853 certi·
809 3804 948 3866 senators,’
959 3805 995 3855 all
1005 3807 1066 3856 who
1074 3821 1143 3856 were
1151 3806 1235 3856 called
1247 3821 1321 3870 upon
1410 3809 1412 3814 '
