2838 4380
394 344 450 397 ur.
474 345 577 410 xm
599 346 627 409 s;
656 345 746 408 rvr,
771 347 785 409 i
808 345 862 398 1-3.
1138 337 1201 402 403

104 513 223 579 misere
249 513 390 599 perdidi.
436 514 536 581 Meus
563 516 622 582 ille
644 515 811 592 ¹laudatus
841 519 1038 585 consulatus
1068 519 1149 585 mihi

104 626 148 696 te,
164 617 296 697 liberos
313 621 464 704 patriam,
481 619 646 700 fortunas,
659 621 722 688 tibi
738 622 840 688 velim
855 645 897 689 ne
917 624 1000 709 quid
1024 626 1150 710 eripue-

104 724 149 788 rit
159 730 291 810 praeter
306 743 412 788 unum
424 745 487 790 me.
533 723 600 790 Sed
616 733 705 792 certe
718 741 737 790 a
749 734 783 791 te
796 726 877 791 mihi
894 729 1004 792 omnia
1019 749 1150 813 semper

104 827 243 894 honesta
262 835 299 893 et
319 828 469 893 iucunda
492 828 695 907 ceciderunt,
712 851 731 894 a
754 851 805 895 me
829 829 891 895 tibi
918 821 1043 896 luctus¹
1057 853 1148 898 meae

104 932 312 1008 calamitatis,
336 939 447 997 metus
479 939 567 1010 tuae,
591 932 805 1010 desiderium,
829 955 966 1012 maeror,
992 935 1150 1000 solitudo,
1175 948 1203 995 10

103 1035 177 1122 Ego
199 1043 232 1106 te
257 1033 371 1103 videre
398 1036 588 1102 noluerim?
634 1037 741 1102 Immo
764 1059 843 1103 vero
869 1060 921 1103 me
945 1060 964 1103 a
987 1047 1020 1104 te
1043 1039 1149 1104 videri

103 1141 219 1217 nolui3
241 1161 309 1206 non
326 1141 415 1206 enim
431 1139 572 1207 vidisses
588 1140 725 1206 fratrem
741 1149 849 1218 tuum,
867 1162 934 1224 non
951 1164 1037 1217 eum,
1049 1164 1149 1228 quem

103 1245 295 1330 reliqueras,
312 1267 379 1328 non
396 1267 484 1323 eum,
502 1266 603 1332 quem
626 1267 733 1334 noras,
750 1266 817 1311 nou
841 1268 929 1323 eum,
948 1267 1050 1332 quem
1065 1246 1149 1313 fiens

102 1349 247 1426 flentem,
263 1359 522 1436 prosequentem
548 1349 762 1438 proficiscens
786 1349 968 1428 dimiseras,
986 1373 1026 1416 ne
1051 1354 1149 1418 vesti·

102 1455 196 1541 gium
219 1453 355 1539 quidem
381 1455 454 1521 eius
481 1476 543 1521 nec
570 1456 797 1531 simulacrum,
814 1453 874 1520 sed
897 1455 1066 1540 quandam
1082 1455 1148 1522 effi·
1172 1470 1200 1516 15

102 1559 190 1645 giem
216 1559 373 1645 spirantis
403 1561 537 1624 mortui.
585 1559 702 1646 Atque
734 1560 865 1624 utinam
894 1579 947 1625 me
978 1569 1148 1625 mortuum

102 1664 194 1747 prius
210 1661 349 1729 vidisses
364 1671 425 1728 aut
439 1664 589 1730 audisses
603 1663 610 1728 l
635 1665 765 1729 utinam
780 1671 814 1729 te
831 1684 899 1728 non
921 1663 1031 1729 solum
1049 1665 1149 1741 vitae,

102 1766 160 1832 sed
190 1768 292 1833 etiam
321 1766 495 1855 dignitatis
534 1791 625 1835 meae
663 1769 881 1855 superstitem
919 1769 1148 1854 reliquissem!

103 1869 169 1936 Sed
192 1879 297 1936 testor
319 1893 434 1938 omnes
458 1871 537 1938 deos
560 1895 611 1938 me
635 1873 697 1938 hac
713 1894 781 1938 uua
797 1894 879 1938 voce
903 1893 922 1937 a
945 1880 1051 1938 morte
1079 1895 1150 1938 esse
1174 1878 1193 1939 2

102 1983 304 2053 revocatum,
325 1976 417 2061 quod
444 1999 558 2043 omnes
583 1979 618 2040 in
646 1999 718 2043 mea
745 1979 817 2043 vita
843 1984 972 2062 partem
1002 1977 1149 2062 aliquam
1173 1990 1203 2036 ao

102 2086 179 2145 tuae
201 2081 291 2145 vitae
313 2082 492 2165 repositam
514 2103 586 2147 esse
609 2080 782 2146 dicebant:
809 2103 875 2167 qua
898 2083 989 2146 inre
1012 2083 1148 2167 peccavi

101 2185 329 2268 scelerateque
346 2183 433 2260 feci3
458 2206 545 2263 narn,
562 2187 591 2250 si
614 2184 818 2262 occidissem,
836 2206 923 2250 mors
947 2187 1020 2271 ipsa
1042 2207 1149 2251 meam

102 2287 260 2370 pietatem
275 2309 486 2373 amoremque
504 2291 538 2352 in
555 2297 588 2353 te
601 2288 698 2354 facile
716 2287 932 2354 defenderet:
957 2309 1048 2354 nunc
1065 2311 1149 2354 corn-

103 2391 186 2467 misi,
202 2400 242 2457 ut
262 2413 315 2457 me
337 2393 416 2458 vivo
440 2415 578 2469 carereS,
595 2395 675 2458 vivo
698 2415 750 2458 me
777 2393 851 2458 aliis
878 2392 1057 2480 indigeres,
1075 2416 1147 2459 mea

102 2516 168 2559 vox
185 2496 219 2558 iu
236 2495 426 2562 domesticis
442 2497 600 2581 periculis
628 2498 840 2582 potissimum
868 2496 1045 2574 occideret,
1063 2517 1149 2582 quae
1173 2510 1201 2555 25

101 2621 198 2684 saepe
219 2601 430 2665 alienissimis
453 2600 618 2685 praesidio
642 2600 774 2666 fuisset.
820 2601 916 2677 Nam,
934 2601 1026 2687 quod
1048 2600 1091 2665 ad
1114 2609 1147 2667 te

101 2705 196 2788 pueri
208 2705 283 2776 sine
307 2705 428 2770 litteris
452 2714 629 2782 venerunt,
646 2708 804 2791 quoniam
828 2705 922 2771 vides
950 2727 1017 2770 non
1044 2705 1153 2771 fuisse.

101 2805 306 2872 iracundiam
344 2829 487 2885 causam,
519 2818 608 2874 certe
639 2811 777 2896 pigritia
812 2808 881 2875 fuit
915 2817 951 2875 et
984 2809 1149 2895 quaedam

100 2911 231 2977 infinita
247 2913 297 2977 vis
313 2912 523 2978 lacrimarum
540 2922 575 2978 et
590 2913 755 2978 dolorum.
802 2913 896 2978 Haec
918 2915 991 2999 ipsa
1014 2934 1066 2977 me
1083 2934 1150 2998 quo
1173 2917 1193 2979 3

133 3107 213 3156 7-12.
246 3111 279 3158 te
301 3145 307 3157 .
328 3145 335 3157 .
357 3144 363 3158 .
385 3109 541 3159 fortunas:
575 3125 610 3162 sc.
639 3110 808 3160 deathlhad
821 3109 1152 3174 lefttoyoutheheritage

101 3185 202 3244 eripuit
225 3186 295 3234 from
324 3185 371 3235 the
400 3185 540 3250 following
563 3189 613 3236 eri·
638 3188 668 3236 of
684 3201 728 3249 my
740 3187 809 3250 good
822 3201 910 3237 name.

97 3261 203 3322 puer-ru
231 3261 266 3310 of.
291 3261 357 3312 Suli.
382 3261 427 3311 91.
450 3263 489 3312 30.
526 3263 612 3312 nolu·
649 3261 724 3319 Μ,
754 3262 856 3312 19-27.
879 3275 988 3320 voce,
1019 3261 1149 3326 ‘appear’

101 3334 190 3383 erim:
219 3336 262 3384 for
292 3337 372 3386 nrood
401 3338 436 3387 cf.
467 3338 610 3400 irascerer,
638 3337 742 3400 quod.
760 3374 765 3386 .
783 3337 1070 3401 .di0ebant‚inapp.
1084 3338 1152 3388 with

101 3409 118 3458 i.
132 3411 160 3458 4:
177 3411 220 3459 for·
228 3415 304 3460 tense
317 3427 360 3461 see
369 3413 416 3461 the
425 3418 489 3462 note
499 3427 534 3462 on
544 3409 609 3463 Sull.
637 3428 717 3464 voce:
730 3428 816 3479 seeon
827 3414 849 3464 1.
862 3411 889 3461 Θ.
898 3415 938 3463 24.
973 3412 1151 3475 repositam,

100 3485 147 3534 45.
173 3487 196 3548 2,
221 3487 275 3536 and
298 3488 333 3537 of.
358 3489 427 3538 Mur.
453 3488 498 3535 21.
522 3489 609 3538 31-33.
639 3489 746 3539 ‘bound
769 3489 824 3551 up)
869 3487 1012 3538 commisi
1034 3491 1084 3537 ut:
1113 3490 1148 3538 cf.

100 3575 150 3610 me
168 3561 285 3612 'videri
319 3563 419 3612 nolui:
450 3564 556 3626 regular
583 3580 613 3614 or
637 3565 686 3627 Ep.
699 3564 750 3614 ΙΙΙ.
762 3564 787 3614 2.
797 3565 836 3614 28.
872 3564 1151 3613 meriro...viv0

100 3638 177 3701 irreg.
191 3639 401 3689 construction?
434 3639 484 3689 See
496 3654 532 3689 on
544 3639 610 3690 Sull.
638 3652 702 3688 me:
728 3641 775 3689 the
793 3639 850 3689 first
874 3640 896 3688 is
918 3639 970 3689 abl.
990 3639 1020 3689 oi
1043 3653 1152 3702 separa·

99 3711 205 3770 salu
306 3745 308 3749 ν
638 3717 706 3776 tion,
725 3717 772 3765 tire
789 3715 887 3766 second
905 3715 957 3766 abi.
975 3716 1030 3765 abs.
1067 3715 1151 3765 occi·

130 3790 372 3848 larentinam
394 3827 399 3840 .
422 3827 427 3840 .
451 3791 614 3854 .reliquia·
639 3791 734 3850 deret,
757 3792 814 3841 ‘die
832 3791 898 3852 out,’
920 3791 1030 3841 ‘caasa’
1066 3785 1151 3852 quod

106 3878 172 3935 rem,
192 3869 247 3939 ie,
262 3869 334 3918 'that
351 3869 385 3942 by
408 3882 444 3919 an
469 3867 615 3929 honorable
639 3871 874 3927 ...venatuum
897 3867 930 3918 ci.
951 3867 1001 3942 Ep.
1021 3865 1101 3920 XIV,
1124 3865 1151 3926 ⁵9
