2924 4372
225 265 288 340 108
326 299 328 302 ·
494 279 634 339 omnm
657 279 698 340 m·
721 278 934 339 cirnmnn
957 279 1086 339 inrui.

275 461 454 536 tenditis
486 461 657 524 Manliana
688 467 796 524 castra
827 460 1027 544 pervenerit,
1052 459 1220 523 neminem
1252 466 1328 525 tam

274 564 420 628 stultum
435 563 516 640 fore,
531 565 591 648 qui
608 587 675 627 non
690 563 803 629 videat
817 565 1083 628 coniurationem
1100 584 1172 629 esse
1189 562 1327 640 factam,

275 669 442 731 neminem
458 675 527 732 tarn
544 667 742 752 improbum,
757 669 816 753 qui
833 690 900 732 non
913 666 1070 733 fateatur.
1118 666 1193 732 Hoc
1209 675 1327 732 autem

275 793 342 835 uno
355 770 534 836 interiecto
547 772 709 858 intellego
722 772 806 840 harro
824 773 870 836 rei
887 772 1039 856 publicae
1056 779 1186 856 pestem
1201 773 1328 857 paulis-

222 895 251 940 ro
274 896 333 960 per
344 875 489 959 reprimi,
503 897 570 940 uon
587 877 621 940 in
637 883 838 961 perpetuum
854 876 1027 959 comprimi
1043 897 1151 960 posse.
1191 875 1327 955 Quodsi

275 1000 309 1043 se
341 979 475 1044 eiecerit
501 1001 684 1064 secumque
709 1002 789 1044 suos
815 980 973 1044 eduxerit
996 987 1031 1044 et
1055 979 1170 1044 eodem
1195 988 1327 1045 ceteros

274 1081 424 1168 undique
456 1083 614 1148 collectos
654 1083 833 1170 naufragos
868 1082 1069 1169 adgregant,
1101 1085 1329 1170 extinguetur

274 1194 376 1273 atque
393 1187 561 1252 delebitur
577 1210 643 1252 non
660 1187 758 1252 modo
783 1187 864 1250 haec
881 1193 949 1250 tam
966 1186 1082 1252 adulta
1098 1189 1145 1252 rei
1168 1187 1327 1272 publicae

273 1292 387 1377 pestiS,
405 1313 522 1356 verum
539 1293 639 1356 etiam
655 1293 756 1376 stirps
778 1312 816 1354 ac
838 1311 952 1354 semen
976 1291 1140 1355 malorum
1164 1293 1327 1355 omnium.

223 1397 356 1460 31x111.
390 1395 524 1459 Etenim
545 1397 618 1460 'iam
646 1395 715 1471 diu,
742 1403 853 1479 patres
876 1396 1067 1480 conscripti,
1099 1396 1135 1458 in
1159 1396 1210 1460 his
1241 1398 1329 1480 peri-

202 1532 204 1535 ·
274 1499 358 1564 culis
393 1501 634 1564 coniurationis
673 1499 870 1582 insidiisque
908 1520 1090 1575 versamur,
1121 1498 1182 1564 sed
1212 1500 1328 1564 nescio

188 1614 192 1622 ’
274 1623 342 1687 quo
381 1611 478 1687 pacto
511 1605 658 1667 omnium
693 1603 856 1667 scelerum
895 1624 933 1667 ac
965 1605 1088 1668 veteris
1128 1603 1251 1668 furoris
1290 1613 1330 1668 et

270 1705 428 1770 audaciae
446 1709 621 1771 maturitas
641 1707 676 1769 in
700 1707 805 1770 nostri
831 1707 1026 1772 consulatus
1043 1714 1176 1792 tempus
1202 1708 1327 1792 erupit.

236 1809 405 1888 oQuodsi
436 1833 478 1875 ex
511 1819 605 1875 tanto
637 1811 811 1874 latrocinio
843 1811 906 1875 iste
938 1832 1025 1874 unus
1057 1811 1206 1887 tolletur,
1236 1810 1330 1876 vide·

273 1913 383 1978 bimur
415 1913 555 1978 fortasse
586 1914 629 1976 ad
660 1913 759 1979 breve
793 1913 961 1999 quoddam
1000 1923 1139 1998 tempus
1173 1934 1252 1978 cura
1291 1925 1331 1980 et

274 2025 366 2083 metu
389 2040 460 2083 esse
487 2019 636 2094 relevati,
664 2019 849 2103 periculum
878 2026 996 2082 autem,
1016 2018 1177 2088 residebit
1202 2026 1237 2082 et
1262 2019 1331 2084 erit

273 2123 442 2186 inclusum
468 2123 603 2206 penitus
631 2124 665 2186 in
687 2124 779 2187 venis
805 2130 907 2206 atque
933 2124 968 2184 in
985 2122 1167 2186 visceribus
1192 2123 1240 2186 rei
1266 2143 1330 2206 pu·

273 2226 389 2290 blicae.
452 2226 501 2290 Ut
530 2247 628 2310 saepe
661 2227 811 2290 homines
845 2227 935 2312 aegri
971 2226 1085 2290 morbo
1116 2227 1211 2313 gravi
1248 2247 1330 2292 cum

223 2342 251 2387 10
273 2336 369 2394 aestu
394 2329 545 2413 febrique
571 2331 747 2407 iactantur,
774 2332 801 2393 si
832 2351 955 2414 aquam
985 2329 1129 2416 gelidam
1152 2329 1329 2409 biberunt,

272 2433 379 2517 primo
409 2433 550 2497 relevari
577 2433 745 2510 videntur,
773 2434 893 2498 deinde
926 2435 1033 2498 multo
1063 2435 1201 2520 gravius
1229 2434 1333 2500 vehe-

302 2615 348 2664 2⁵.
366 2616 437 2666 Note
455 2616 502 2666 the
526 2617 670 2678 repetition
689 2616 718 2664 oi
743 2616 789 2664 the
813 2612 1021 2676 uponatense?
1048 2616 1154 2675 patres
1168 2613 1332 2675 conscrip-

271 2692 419 2756 letterpln
431 2693 507 2742 these
519 2693 595 2744 lines.
609 2692 786 2754 reprimi...
811 2691 848 2737 ti:
878 2691 986 2752 explain
1018 2690 1066 2738 the
1096 2690 1183 2752 origin
1212 2691 1242 2739 of
1279 2691 1331 2740 the

271 2769 444 2836 comprimit
458 2780 503 2818 see
516 2769 669 2830 0n§27.1t.
696 2768 789 2818 Cicero
811 2767 915 2827 phrase.

271 2843 293 2891 is
304 2857 366 2905 very
375 2842 440 2893 lond
451 2844 480 2893 of
492 2843 601 2906 playing
610 2858 645 2893 on
655 2843 740 2892 words
751 2841 786 2903 (l)
842 2842 900 2898 23.
917 2842 1025 2890 nescio
1038 2853 1100 2903 quo
1112 2845 1215 2903 pacto.
1227 2841 1331 2892 ‘some-

271 2920 300 2969 οἱ
311 2920 358 2968 the
370 2933 443 2969 same
455 2925 533 2980 stem,
544 2921 592 2969 but
601 2919 787 2981 compounded
811 2919 871 2967 how
888 2933 918 2967 or
929 2918 1025 2968 other)
1061 2919 1113 2967 For
1121 2921 1214 2979 pacto,
1229 2931 1273 2966 see
1290 2933 1330 2968 on

271 2997 337 3044 with
354 2996 481 3046 different
497 2995 685 3059 propendens,
703 3009 734 3043 or
746 2997 785 3054 (2)
810 2995 823 3055 ᾗ
835 2995 871 3046 17.
884 2995 922 3044 13.
948 2995 1050 3044 Nescio
1063 2997 1125 3056 quie
1137 2995 1159 3043 is
1171 2995 1331 3046 sometimes

270 3073 299 3121 of
323 3073 449 3121 different
472 3079 553 3122 stems
576 3078 604 3121 to
626 3073 714 3121 ulrich
739 3073 787 3122 the
809 3084 909 3121 amere
920 3071 1060 3121 indefinite
1071 3085 1195 3134 pronoun
1209 3072 1331 3122 without

271 3163 344 3204 same
361 3150 526 3212 preposition
544 3151 566 3198 is
583 3148 710 3211 prefixed.
809 3146 941 3198 influente
952 3162 1026 3210 upon
1038 3148 1085 3197 the
1097 3152 1152 3197 rest
1163 3147 1193 3197 of
1204 3148 1250 3196 the
1267 3161 1331 3196 sen-

303 3224 421 3288 Explain
430 3226 476 3275 the
485 3239 545 3274 csse
555 3226 584 3274 oi
593 3224 751 3274 hominum
760 3226 783 3285 2,
808 3230 885 3274 tence
903 3223 948 3288 (A.
968 3226 1015 3274 202
1038 3238 1068 3286 o;
1086 3223 1118 3272 G.
1137 3223 1186 3273 469
1203 3223 1279 3273 Rem.
1299 3226 1332 3287 23

270 3304 371 3350 morte
383 3304 406 3362 4,
421 3301 495 3350 milti
509 3304 546 3362 ll,
561 3313 640 3363 quae
655 3301 693 3358 14,
707 3313 785 3361 quae
809 3301 844 3350 H.
870 3302 914 3350 121
938 3305 1014 3361 note3
1038 3298 1069 3350 B.
1092 3299 1142 3351 253
1170 3299 1201 3363 63
1239 3307 1330 3350 some-

271 3379 310 3439 15,
339 3378 493 3427 neminem
527 3380 567 3436 23,
595 3380 716 3438 pestem
745 3377 784 3436 24,
808 3378 887 3426 times
899 3379 946 3427 the
961 3378 1050 3428 nescio
1068 3377 1169 3426 retains
1187 3377 1222 3426 its
1234 3377 1331 3427 verbal

270 3466 377 3504 semen
399 3456 442 3516 293
466 3455 545 3504 mood
569 3455 598 3502 of
620 3453 744 3501 multari
760 3454 784 3513 4,
808 3453 889 3513 force,
903 3454 956 3503 end
969 3454 991 3502 is
1003 3453 1127 3503 followed
1140 3453 1174 3514 by
1186 3453 1233 3501 the
1251 3453 1327 3516 subj,

269 3533 412 3592 putarem
432 3531 471 3593 13,
494 3529 786 3580 animadvertissem
808 3531 837 3578 ol
865 3531 919 3580 ind.
949 3530 1087 3592 question3
1121 3529 1211 3578 which
1239 3529 1332 3580 here?

205 3617 208 3623 ·
271 3607 310 3668 19,
333 3607 512 3669 pervenerit
530 3609 570 3668 21,
589 3605 723 3654 fateatur
745 3606 785 3665 23,
811 3605 1140 3668 lllhichin§16.3'l-38?

270 3673 398 3732 eiecerit
413 3685 453 3734 26.
841 3682 866 3728 ⁵.
884 3682 1016 3744 Compare
1027 3682 1082 3730 this
1095 3681 1181 3730 whole
1197 3686 1331 3732 sentence

809 3758 937 3819 careiully
947 3759 1011 3808 with
1021 3758 1034 3819 ἓ
1044 3759 1082 3806 12.
1092 3757 1132 3817 29,
1140 3757 1165 3816 f.
1196 3755 1331 3815 Quodsi,

303 3837 365 3899 531.
385 3837 409 3884 1.
428 3837 489 3884 lam
497 3836 557 3892 diu.
566 3836 615 3884 has
625 3836 698 3884 what
707 3835 787 3884 effect
809 3834 916 3895 secent
929 3835 1017 3884 29.11.
1052 3831 1330 3890 latrocinia-‘bend
