2870 4376
418 290 499 343 cer.
523 293 611 354 roro,
637 292 650 355 s
673 292 761 344 troo.
1096 274 1165 342 Ι481

56 463 178 529 minus
205 471 239 530 'et
265 462 389 530 sibiet
414 463 492 528 huic
519 464 658 550 imperio
681 465 864 550 gloriosum
888 463 1024 549 putavit
1039 485 1114 528 con·

56 571 226 634 stitutum
253 590 273 634 a
299 591 333 634 se
360 590 474 655 regem
501 588 603 653 quam
627 570 847 633 constrictum
871 567 989 634 videri.
1036 567 1113 644 Hic,
1126 570 1166 632 59

58 674 124 759 qui
156 673 283 739 bellum
319 673 446 750 intulit,
477 673 594 759 gessit,
626 673 685 758 qui
723 681 758 738 et
795 674 866 757 ipse
904 672 1009 737 hostis
1047 671 1115 735 init
1137 686 1165 732 21

58 779 183 863 populi
210 778 352 844 Romani
379 786 414 842 et
440 778 638 842 acerrimum
666 776 796 842 hostem
827 778 863 840 in
893 797 1035 862 regnum
1066 796 1114 840 re·

59 883 165 966 oepit,
182 883 241 967 qui
269 880 429 958 conflixit,
446 881 505 966 qui
532 881 628 967 signa
654 881 808 962 contulit,
825 882 886 965 qui
910 880 950 944 dc
973 880 1113 965 imperio

59 1007 170 1072 paene
201 986 353 1061 certavit,
384 992 504 1072 regnat
534 983 633 1048 hodie
664 992 700 1049 et
729 986 894 1050 amicitiae
925 1005 1047 1050 nomen
1077 1004 1115 1049 ac

59 1090 247 1165 societatis
278 1087 371 1175 quod
400 1089 501 1153 armis
532 1088 684 1164 violarat,
716 1087 751 1152 id
778 1089 932 1173 precibus
962 1095 1014 1155 est
1040 1109 1115 1152 con·
1137 1101 1167 1146 25

60 1202 221 1270 secutus;
244 1195 302 1260 ilie
331 1193 478 1280 Cyprius
506 1194 615 1268 miser,
640 1193 700 1277 qui
724 1214 855 1278 semper
878 1193 1014 1268 amicus
1032 1212 1113 1256 sem·

61 1321 123 1384 per
145 1300 255 1364 socius
281 1297 357 1375 init,
375 1297 415 1362 de
440 1319 508 1382 quo
533 1297 627 1360 nulla
651 1317 813 1384 umquam
838 1297 984 1382 suspicio
1000 1294 1115 1359 durior

61 1402 183 1467 autad
205 1409 358 1467 senatum
383 1400 508 1466 autad
531 1402 748 1486 imperatores
771 1401 874 1466 allata
897 1398 1027 1466 nostros
1051 1405 1112 1474 est,

61 1507 174 1581 vivus,
199 1513 239 1570 ut
263 1507 369 1583 aiunt,
401 1513 453 1570 est
480 1513 515 1570 et
542 1504 660 1570 videns
688 1527 764 1570 cum
792 1507 885 1571 victu
916 1527 954 1570 ao
985 1503 1112 1570 vestitu

61 1633 126 1675 suo
157 1609 359 1695 publicatus.
406 1609 480 1684 Em,
505 1629 564 1673 our
596 1609 697 1674 ceteri
729 1630 824 1696 reges
854 1608 1011 1675 stabilem
1039 1627 1111 1672 esse
1135 1618 1164 1664 3⁰

62 1737 159 1779 suam
175 1713 347 1778 fortunam
363 1713 577 1788 arbitrentur,
594 1735 670 1777 cum
687 1713 750 1778 hoc
767 1715 858 1779 illius
882 1712 1010 1778 funesti
1033 1711 1113 1802 anni

63 1817 198 1904 prodito
228 1819 383 1902 exemplo
413 1816 552 1881 videant
584 1838 644 1901 per
682 1816 856 1881 tribunum
895 1819 1040 1903 aliquem
1080 1822 1114 1879 et

63 1930 233 1990 sescentas
263 1944 379 2007 operas
409 1944 446 1988 se
477 1921 623 1987 fortunis
652 1923 789 2008 spoliari
820 1931 855 1990 et
885 1944 988 2010 regno
1022 1920 1114 1986 omni

63 2049 161 2113 posse
178 2025 317 2090 nudari!
976 2045 978 2049 ’

109 2149 243 2196 xxvnr.
275 2131 327 2195 At
341 2131 443 2197 etiam
459 2151 498 2195 eo
514 2131 650 2217 negotio
675 2131 723 2194 M.
741 2131 879 2198 Catonis
904 2129 1114 2217 splendorem
1126 2127 1168 2192 60

65 2237 232 2302 maculare
264 2236 446 2301 voluerunt
475 2237 594 2322 ignari,
619 2236 703 2321 quid
729 2239 886 2323 gravitas,
916 2231 1005 2324 quid
1031 2236 1114 2300 inte·

66 2342 179 2428 gritas
211 2340 295 2426 quid
326 2340 524 2427 magnitudo
555 2341 668 2417 animi,
700 2342 784 2428 quid
818 2343 964 2429 denique
1005 2342 1113 2406 virtus

67 2445 203 2522 valeret,
221 2446 358 2530 quaein
374 2452 574 2529 tempestate
590 2467 690 2513 saeva
707 2449 822 2532 quieta
838 2455 890 2513 est
906 2454 942 2513 et
963 2447 1056 2511 lucet
1077 2443 1113 2506 in

99 2667 143 2724 19.
156 2667 202 2717 20.
227 2669 436 2717 constitutum
451 2681 578 2718 ...oon-
636 2673 701 2732 §60-
719 2672 745 2720 1.
763 2671 805 2720 M.
824 2671 960 2720 catonis.
982 2672 1051 2721 Cato
1062 2671 1116 2720 had

67 2745 289 2802 strictum‚‘set
301 2760 338 2808 up
355 2782 362 2795 .
382 2783 388 2795 .
408 2782 415 2795 .
434 2747 499 2796 shut
510 2746 576 2808 up:’
605 2746 673 2795 been
696 2747 795 2796 named
823 2747 858 2808 by
881 2746 992 2797 Clodius
1019 2747 1048 2795 in
1073 2747 1116 2796 his

68 2821 193 2870 seeonl.
207 2820 305 2871 30.25.
605 2822 652 2871 biii
686 2828 714 2871 to
746 2823 831 2873 direct
863 2823 911 2872 the
943 2823 1117 2886 proceedings

100 2898 164 2958 §tt
183 2897 284 2945 22-33.
301 2897 438 2948 hostem:
458 2913 493 2948 sc.
518 2913 578 2948 nos·
605 2899 710 2962 against
743 2899 923 2959 Ptolemaeus,
959 2899 1025 2947 with
1070 2899 1118 2948 the

69 2977 148 3023 trum.
183 2973 277 3023 Who?
310 2973 351 3023 ds
368 2975 506 3036 imperio,
521 2974 579 3023 ‘for
605 2975 702 3025 double
719 2975 809 3036 ohJ'ect
826 2974 856 3024 oi
874 2976 979 3038 getting
995 2976 1052 3024 him
1069 2981 1118 3024 out

69 3049 244 3111 sup1·en1acy,’
264 3050 319 3111 i.e.‚
339 3064 403 3099 over
421 3052 467 3100 the
486 3051 575 3100 world.
605 3052 634 3100 oi
651 3052 735 3101 Rome
746 3052 791 3102 ior
801 3052 848 3101 the
860 3052 928 3101 time
943 3050 982 3114 ip.
995 3052 1036 3112 41,
1049 3049 1061 3108 i
1074 3050 1116 3112 to)

69 3124 245 3174 amicitiae.
263 3161 268 3172 .
286 3161 292 3173 .
308 3127 487 3176 societatis:
506 3128 579 3176 what
605 3128 659 3177 and
671 3129 700 3178 oi
717 3129 842 3192 securing
858 3129 901 3178 his
919 3133 1031 3190 support
1048 3128 1118 3177 aiter

70 3201 92 3250 is
109 3201 153 3250 the
170 3202 288 3263 position
306 3203 335 3251 oi
357 3217 453 3252 nomen
471 3203 579 3252 called?
605 3205 648 3253 his
661 3210 762 3265 return,
776 3203 805 3254 in
823 3219 883 3255 case
900 3205 961 3254 that
978 3206 1024 3254 the
1042 3204 1118 3267 legis·

69 3277 165 3327 Where
190 3277 244 3328 else
266 3278 345 3327 could
368 3280 389 3327 it
413 3279 516 3329 stand?
544 3284 579 3327 ut
606 3281 727 3331 lationoi
739 3280 1117 3331 Clodiusshouldbeassaiied

70 3354 167 3402 aiunt:
185 3368 228 3404 see
239 3368 275 3403 ou
286 3354 307 3403 Ι.
322 3354 366 3403 15.
379 3355 419 3418 33.
449 3359 505 3412 θεῖ,
513 3356 579 3405 with
605 3357 639 3418 by
662 3358 709 3406 the
731 3359 875 3419 optimates
897 3372 927 3407 as
949 3358 1118 3407 unconstitu-

73 3429 237 3490 publicatus,
251 3436 300 3479 not
310 3432 394 3480 atoue.
415 3431 509 3480 vivus
526 3467 532 3479 .
549 3468 555 3479 .
573 3467 579 3479 .
606 3433 699 3484 tionai.

70 3505 580 3562 videns,viotu...vestituznotice
638 3509 664 3558 4.
697 3510 736 3558 in
767 3513 1021 3572 tempestate,
1055 3515 1116 3569 etc..

71 3583 115 3630 tire
133 3582 245 3632 favorite
262 3596 309 3632 use
325 3584 355 3633 of
372 3583 534 3634 ailiteration
553 3585 581 3633 in
607 3587 723 3636 maxims
739 3587 769 3636 oi
791 3587 838 3636 the
848 3587 928 3636 .Stoic
944 3586 1116 3652 philosophy,

71 3658 202 3718 proverbs.
232 3664 402 3717 sescentas,
415 3663 502 3709 ‘some
513 3661 582 3710 hun·
610 3663 697 3711 which
722 3662 816 3712 Cicero
838 3668 934 3724 quotes
960 3665 988 3713 in
1016 3662 1119 3726 every

72 3727 146 3784 ‹ir-eds
162 3736 191 3784 oi
202 3736 225 3784 :’
248 3736 295 3785 the
319 3737 390 3786 word
415 3737 436 3786 is
461 3737 526 3786 used
544 3737 582 3786 in·
609 3739 735 3788 different
747 3743 810 3788 tone
822 3739 894 3791 from
905 3740 966 3792 that
977 3741 1118 3806 employed

72 3810 203 3876 definitely
216 3811 245 3880 of
262 3825 315 3876 any
327 3813 398 3878 large
410 3813 532 3866 number.
611 3815 679 3867 Mur.
696 3815 726 3880 ἐξ
743 3815 830 3868 61-65.
