2876 4378
249 329 313 400 598
511 342 583 399 rao
605 342 636 398 r.
659 342 781 402 armo
804 342 948 400 uncus
971 341 1119 399 onnrro.

300 521 417 595 civem,
439 542 539 604 quem
562 528 709 596 senatus
738 542 837 604 quem
862 521 1007 606 populus
1028 510 1217 595 'Romanus
1245 537 1355 604 quem

247 639 277 685 no
298 646 412 689 omnes
448 633 566 711 gentes
603 624 695 689 urbis
727 646 764 688 ac
796 625 886 689 vitae
919 625 1044 689 civium
1076 617 1353 688 conservatorem

300 728 498 804 iudicarant,
529 749 702 793 servorum
734 729 834 793 armis
865 729 1114 804 exterminavit,
1154 749 1242 804 eum,
1288 729 1352 812 qui

299 853 402 918 regna
418 831 520 908 dedit,
537 830 671 907 ademit,
689 830 802 897 orbem
819 840 992 907 terrarum,
1007 830 1208 916 quibuscum
1223 831 1352 907 voluit,

301 937 446 1020 partitus
462 943 522 1013 est,
541 957 628 1012 eum,
649 936 709 1020 qui
729 936 882 1020 plurimis
905 935 1063 1002 caedibus
1088 936 1123 1000 in
1149 934 1221 999 foro
1247 934 1353 1000 factis

299 1041 461 1125 singulari
481 1040 610 1105 ¹virtute
637 1047 673 1104 et
696 1039 803 1125 gloria
829 1039 939 1106 civem
965 1038 1102 1120 domum
1126 1040 1160 1103 vi
1187 1047 1222 1103 et
1245 1041 1352 1104 armis

245 1159 275 1205 25
298 1144 469 1228 compulit,
494 1165 581 1220 eum,
607 1144 663 1208 cui
694 1142 779 1206 nihil
807 1164 967 1228 umquam
997 1141 1091 1210 nefas
1123 1142 1190 1208 fuit
1216 1164 1280 1208 nec
1315 1145 1353 1207 in

298 1245 443 1311 facinore
471 1255 540 1312 nec'
555 1248 590 1310 in
614 1246 762 1323 libidine,
780 1269 867 1324 eum,
892 1249 951 1332 qui
975 1246 1090 1312 aedem
1114 1245 1353 1332 Nympharum

299 1350 459 1426 incendit,
491 1357 531 1414 ut
560 1351 752 1415 memoriam
783 1351 953 1435 publicam
984 1351 1186 1416 recensionis
1219 1350 1351 1416 tabulis

246 1457 286 1520 74
300 1454 443 1538 publicis
468 1456 660 1540 impressam
678 1456 905 1541 extingueret,
922 1477 999 1520 eum
1025 1454 1180 1539 denique,
1200 1456 1257 1521 cui
1281 1457 1351 1520 iam

298 1558 393 1622 nulla
414 1559 471 1624 lex
494 1567 575 1635 erat,
599 1559 743 1622 nullum.
763 1559 862 1624 civile
893 1561 956 1634 ius,
985 1559 1071 1622 nulli
1098 1560 1352 1644 possessionum

246 1677 274 1724 30
297 1664 442 1740 termini,
460 1665 521 1747 qui
537 1685 604 1728 non
620 1664 787 1728 calumnia
803 1664 927 1739 litium,
946 1685 1013 1728 non
1030 1665 1164 1728 iniustis
1188 1663 1352 1730 vindiciis

298 1789 336 1831 ac
362 1769 579 1834 sacramentis
610 1768 735 1833 alienos
765 1767 900 1845 fundos,
933 1767 992 1833 sed
1023 1769 1150 1844 castris,
1181 1769 1351 1847 exercitu,

297 1872 403 1956 signis
418 1871 601 1937 inferendis
618 1872 763 1957 petebat,
781 1873 923 1956 quinon
947 1873 1057 1936 solum
1081 1872 1242 1938 Etruscos
1270 1875 1352 1954 (eos

298 1977 387 2040 enim
401 1977 537 2061 penitus
559 1977 835 2060 contempserat),
860 1976 920 2041 sed
943 1976 1032 2041 hunc
1050 1975 1088 2040 P.
1112 1976 1265 2054 Varium,
1282 1977 1353 2042 for-

301 2080 467 2145 tissimum
498 2088 600 2164 atque
632 2081 797 2164 optimum
839 2081 956 2157 civem,
997 2080 1143 2150 iudicem
1180 2089 1350 2159 nostrum,

245 2199 274 2246 35
295 2185 419 2268 pellere
436 2183 700 2268 possessionibus
716 2185 815 2248 armis
832 2186 1017 2270 castrisque
1041 2193 1180 2250 conatus
1205 2193 1268 2262 est,
1286 2189 1351 2271 qui

298 2309 374 2352 cum
389 2287 579 2352 architectis
596 2294 631 2352 et
653 2286 864 2371 decempedis
891 2288 989 2352 villas
1012 2288 1196 2353 multorum
1219 2289 1353 2354 hortos-

298 2414 363 2476 que
388 2389 594 2477 peragrabat,
612 2393 670 2474 qui
695 2391 848 2456 laniculo
873 2399 909 2456 et
933 2392 1079 2477 Alpibus
1102 2415 1195 2478 spem
1219 2415 1353 2478 posses-

299 2497 433 2560 sionum
450 2495 646 2559 terminarat
661 2516 807 2572 suarum,
825 2497 884 2581 qui
907 2518 983 2560 cum
998 2496 1040 2561 ab
1055 2498 1169 2581 equite
1195 2497 1353 2563 Romano

300 2598 476 2684 splendido
492 2606 528 2662 et
542 2598 631 2673 forti,
649 2598 696 2662 Μ.
714 2599 871 2676 Paconio,
889 2621 956 2664 non
980 2601 1200 2685 impetrasset,
1219 2609 1259 2665 ut
1282 2601 1352 2668 sibi

184 2755 188 2762 .
245 2719 274 2766 40
296 2704 440 2768 insulam
464 2705 500 2767 in
524 2702 601 2767 lacu
629 2702 735 2767 Prilio
763 2704 934 2781 venderet,
959 2711 1096 2788 repente
1128 2703 1286 2769 lintribus
1312 2707 1352 2770 in

297 2829 370 2873 eam
395 2806 542 2870 insulam
568 2807 753 2883 materiem,
785 2808 919 2884 calcem,
942 2815 1125 2884 caementa,
1156 2829 1247 2872 arma
1271 2829 1354 2873 con-

297 2912 393 2977 vexit
407 2910 611 2995 dominoque
628 2918 719 2975 trans
736 2911 842 2996 ripam
857 2912 1067 2996 inspectante
1084 2933 1151 2976 non
1175 2911 1354 2979 dubitavit

294 3187 330 3236 he
351 3185 406 3235 had
428 3191 478 3249 put
499 3186 543 3236 his
566 3186 656 3236 vife’s
673 3185 761 3236 slaves
778 3192 807 3236 to
832 3185 898 3235 107.
921 3187 961 3236 23.
981 3185 1091 3236 aedem
1114 3185 1351 3248 Nympharum:

295 3268 407 3313 tortura.
832 3263 875 3313 for
887 3262 933 3312 the
945 3263 1002 3312 fact
1013 3276 1056 3312 see
1069 3277 1105 3312 on
1118 3263 1185 3312 Sest.
1199 3262 1245 3312 84.
1257 3264 1282 3314 4.

327 3337 428 3388 19-26.
445 3339 554 3397 civem,
579 3339 680 3390 Cicero.
715 3351 809 3401 regna
864 3339 929 3401 574.
943 3337 1352 3388 ³040.1niustis...saera-

295 3415 397 3464 dedit:
415 3416 458 3465 for
480 3417 528 3465 the
544 3416 601 3466 fact
618 3416 653 3466 cl.
673 3416 741 3466 Sest.
761 3415 807 3464 56.
831 3415 953 3474 mentis,
967 3415 1072 3480 ‘illegal
1089 3414 1163 3464 titles
1176 3415 1230 3464 and
1247 3417 1352 3467 securi·

296 3494 334 3541 11.
358 3491 490 3542 ademit:
508 3493 551 3542 for
562 3493 608 3542 the
620 3493 677 3543 fact
689 3492 724 3542 cf,
736 3492 805 3542 Sest.
832 3492 901 3542 ties)
937 3493 971 3541 In
983 3492 1034 3542 law
1045 3506 1062 3541 a
1076 3494 1279 3542 sacramentum
1292 3506 1351 3542 was

295 3570 309 3630 ξ
321 3569 360 3619 56.
390 3569 530 3630 partitus
542 3572 609 3618 est:
626 3570 669 3619 for
686 3569 733 3618 the
751 3569 808 3618 fact
831 3584 919 3619 asum
931 3570 960 3619 of
971 3583 1068 3631 money
1079 3568 1220 3631 depositcd
1232 3569 1266 3631 by
1278 3569 1350 3619 both

295 3645 330 3694 cf.
355 3645 424 3695 Sest.
449 3645 494 3693 24.
517 3645 557 3695 34.
593 3646 704 3702 civem,
728 3646 808 3694 Pom·
832 3648 932 3708 parties
950 3652 980 3695 to
997 3661 1013 3695 a
1031 3646 1086 3695 suit
1100 3645 1155 3694 and
1170 3645 1299 3695 forfeitcd
1312 3647 1350 3709 by

294 3723 384 3784 peius:
401 3723 444 3772 for
455 3723 502 3772 the
514 3723 568 3772 fact
581 3722 615 3772 cf.
629 3724 643 3785 ᾗ
659 3724 697 3772 18.
717 3722 804 3772 33-38.
832 3724 879 3773 the
890 3724 967 3773 loser.
997 3723 1029 3772 P.
1042 3721 1178 3780 Varium,
1188 3721 1349 3772 mentioned

294 3797 517 3850 nihil...nee
534 3812 675 3848 ...necz
696 3800 739 3850 for
761 3800 807 3849 the
832 3801 896 3849 here
918 3800 989 3863 only.
1025 3798 1130 3857 Prilio,
1147 3812 1165 3848 a
1186 3797 1264 3848 small
1284 3798 1350 3851 lake

295 3875 392 3930 double
403 3877 543 3943 negativas
554 3876 589 3925 ct.
604 3876 673 3928 sest.
686 3875 753 3925 141.
763 3877 807 3941 223
832 3877 860 3926 in
872 3876 989 3928 Etruria.
