2870 4376
208 287 272 360 488
557 300 629 357 rso
651 302 682 357 r.
708 303 834 360 snsno
858 303 1005 360 omno.

259 475 372 544 reditu
391 471 554 544 Kalendis
574 477 684 544 'Iuniis
709 476 928 546 dissentiente
956 479 1051 546 nullo
1075 465 1242 546 referente
1268 471 1309 542 L.

260 582 395 660 Ninnio,
412 584 509 648 cuius
531 585 567 646 in
592 605 665 649 mea
687 607 788 650 causa
814 607 996 670 numquam
1021 585 1103 651 fides
1129 587 1311 670 virtusque

207 703 237 749 ac
258 684 470 750 contremuit.
517 684 714 751 Intercessit
739 685 843 773 Ligus
870 687 934 750 istc
959 687 1071 750 nescio
1094 687 1163 771 qui,
1180 684 1313 750 addita·

260 793 410 850 mentum
420 786 631 851 inimicorum
647 808 808 852 meorum.
855 788 920 852 Res
938 796 1011 854 erat
1027 796 1062 853 et
1077 809 1177 854 causa
1193 793 1311 851 nostra

259 911 298 955 eo
328 891 394 954 iam
424 891 500 966 loci,
526 898 566 956 ut
603 892 730 978 erigere
763 893 877 957 oculos
908 901 943 958 et
976 894 1090 958 vivere
1122 892 1309 958 videretur.

261 994 424 1079 Quisquis
441 1001 522 1070 erat,
535 996 594 1079 qui
611 996 759 1079 aliquam
775 1003 905 1080 partem
920 998 956 1060 in
973 1018 1045 1062 meo
1061 997 1158 1061 luctu
1170 996 1311 1060 sceleris

262 1097 417 1163 Clodiani
433 1099 611 1186 attigisset,
629 1121 841 1185 quocumque
866 1108 1015 1177 venerat,
1032 1100 1123 1186 quod
1145 1100 1309 1164 iudicium

207 1222 235 1268 25
258 1222 402 1288 cumque
425 1202 582 1280 subierat,
599 1203 838 1280 damnabatur3
864 1205 1099 1289 inveniebatur
1121 1225 1229 1280 nemo,
1247 1205 1308 1288 qui

259 1329 294 1372 se
318 1305 519 1393 suffragium
544 1307 585 1371 de
611 1329 662 1372 me
691 1309 809 1374 tulisse
835 1310 1061 1374 confiteretur.
1108 1310 1311 1373 Decesserat

262 1433 304 1476 ex
320 1411 404 1476 Asia
418 1409 522 1477 frater
537 1432 631 1477 meus
661 1433 782 1498 magno
807 1414 972 1498 squalore,
989 1413 1048 1479 sed
1072 1414 1180 1478 multo
1205 1413 1311 1478 etiam

158 1501 160 1508 '
261 1516 383 1580 maiore
400 1536 557 1581 macrore.
604 1515 695 1582 Huic
711 1516 755 1580 ad
776 1517 892 1582 urbem
909 1518 1056 1582 venienti
1082 1523 1154 1582 tota
1175 1515 1312 1580 obviam

259 1620 378 1686 civitas
394 1638 471 1684 cum
486 1620 630 1686 lacrimis
645 1621 843 1707 gemituque
860 1628 1084 1706 processerat3
1106 1619 1309 1705 loquebatur

206 1741 236 1790 30
257 1723 395 1790 liberius
420 1732 574 1800 senatus3
605 1725 849 1790 concurrebant
875 1726 1007 1809 equites
1033 1725 1196 1799 Romani3
1227 1723 1314 1788 Piso

259 1829 327 1906 ille,
343 1849 447 1915 gener
462 1850 568 1905 meus,
582 1829 637 1893 cui
654 1828 804 1894 fructum
820 1830 956 1914 pietatis
972 1851 1052 1894 suae
1068 1849 1177 1913 neque
1195 1848 1237 1892 ex
1255 1847 1313 1892 me

259 1953 369 2019 neque
385 1954 404 1997 a
422 1933 548 2018 populo
575 1933 725 1998 Romano
750 1933 837 1998 ferre
863 1935 1008 2011 licuit‚a
1034 1933 1221 2019 propinquo
1246 1952 1315 1995 suo

259 2058 412 2104 socerum
427 2058 527 2102 suum
546 2035 721 2123 flagitabat
732 2062 740 2113 ;
765 2040 875 2102 omnia
899 2045 1036 2104 senatus
1059 2036 1226 2114 reiciebat,
1244 2036 1316 2100 nisi

260 2141 301 2208 de
317 2163 368 2206 me
385 2143 529 2226 primum
546 2141 701 2206 consules
717 2144 938 2210 rettulissent.

288 2384 334 2445 10,
342 2386 389 2437 19.
413 2385 569 2436 referente
578 2386 708 2437 Ninnio:
726 2401 770 2438 see
798 2387 898 2448 Cicero,
931 2389 981 2440 but
1008 2404 1025 2439 a
1051 2403 1177 2453 pronoun
1203 2387 1316 2451 usually

256 2476 292 2515 on
305 2465 319 2526 ἓ
332 2465 371 2515 26.
381 2463 417 2514 31.
797 2471 932 2528 separatos
944 2468 990 2516 the
1001 2471 1084 2530 parts

288 2541 333 2592 20.
356 2541 455 2603 Ligus,
472 2541 521 2592 the
546 2541 654 2591 tribune
678 2539 771 2591 Aelius
829 2541 930 2592 26-33.
958 2542 1163 2592 Decesserat:
1190 2547 1243 2591 'see
1273 2555 1316 2591 on

256 2616 352 2682 Ligus3
366 2618 409 2668 ior
427 2619 470 2667 his
487 2632 577 2680 power
594 2623 624 2668 to
643 2623 705 2667 veto
724 2617 771 2666 the
797 2619 867 2669 Mur.
892 2619 938 2667 ³7.
960 2619 984 2670 8.
1027 2619 1137 2668 frater:
1166 2618 1229 2668 read
1252 2617 1313 2666 Int.

256 2695 390 2758 proposui,
404 2702 448 2744 see
459 2708 485 2757 p.
496 2694 560 2755 litt
574 2695 627 2746 110.
662 2693 770 2742 nescio
797 2695 868 2745 Note
880 2701 908 2745 to
920 2697 970 2759 llp.
981 2695 1032 2748 VI.
1062 2693 1314 2756 Areviewoprs.

257 2771 327 2833 qul:
352 2771 396 2820 lor
418 2771 452 2820 its
480 2771 553 2820 force
581 2770 646 2820 with
675 2784 772 2832 proper
798 2771 862 2822 XV.
879 2773 933 2821 and
950 2772 1030 2823 XVI.
1049 2771 1105 2821 will
1124 2771 1184 2834 give
1203 2784 1220 2818 a
1239 2771 1317 2832 good

256 2861 345 2898 nouus
359 2861 403 2898 see
417 2861 453 2896 on
470 2848 591 2909 quidam,
606 2847 655 2908 Ep.
675 2846 726 2897 IV.
744 2846 770 2895 4·
797 2849 858 2898 idea
879 2849 909 2898 of
932 2848 1050 2898 Cicero’s
1071 2848 1188 2910 icelings
1210 2851 1238 2895 at
1261 2846 1317 2897 the

256 2924 296 2974 53.
641 2966 643 2972 .
797 2925 871 2974 time.
906 2924 1051 2986 squalore
1074 2959 1080 2970 .
1103 2958 1108 2971 .
1131 2959 1137 2971 .
1163 2932 1318 2980 maerore,

272 2998 570 3051 -22-2⁵.eolocl=in
580 3013 610 3050 co
622 2998 771 3060 stotatbi:
797 3001 844 3050 tlre
856 3000 977 3050 outward
995 3000 1054 3062 sign
1072 2998 1125 3047 and
1142 2999 1189 3048 the
1206 2998 1317 3048 inward

255 3077 311 3126 this
323 3077 492 3126 substantive
504 3090 552 3126 use
564 3076 593 3124 oi
610 3076 657 3125 tire
669 3076 720 3125 abl.
740 3091 770 3126 ec
796 3075 905 3139 feeling.
940 3075 1031 3133 Huic,
1054 3074 1188 3138 governed
1211 3074 1318 3136 hythe

255 3153 376 3224 ls'iound
393 3152 457 3215 only
472 3152 539 3202 with
556 3152 618 3213 loci,
632 3158 689 3214 not,
707 3165 769 3215 eg,
797 3153 893 3214 phrase
921 3153 1026 3202 obvium
1045 3153 1238 3212 processerat:
1266 3164 1318 3202 see

256 3229 323 3282 with
335 3231 471 3290 temporis.
506 3228 625 3291 Explaln
643 3229 768 3292 thegen.
797 3243 832 3279 on
844 3229 919 3287 mibi,
928 3229 977 3292 Ep.
989 3228 1101 3279 XXIII.
1115 3228 1141 3276 4.
1154 3229 1193 3278 32.
1227 3226 1318 3276 fruo-

257 3317 461 3368 quocumque‚
474 3319 535 3368 ag,
549 3311 578 3354 to
590 3307 636 3354 the
655 3306 769 3366 theatra,
796 3308 879 3354 tum:
904 3306 939 3356 oi.
959 3304 1024 3355 Sull.
1043 3306 1070 3354 1.
1093 3304 1117 3354 3.
1152 3317 1170 3353 a
1189 3304 1317 3366 populo

256 3382 348 3445 public
358 3395 459 3445 gemes,
478 3387 529 3431 eto.
565 3385 710 3430 venerat:
728 3381 771 3430 lor
796 3381 945 3439 Romano.
955 3383 983 3430 in
995 3382 1042 3430 the
1051 3382 1121 3431 form
1132 3381 1162 3431 oi
1173 3394 1208 3430 an
1220 3379 1313 3431 cilice.

256 3463 332 3509 tense
349 3468 393 3508 'see
411 3459 444 3508 A.
464 3459 513 3506 280
532 3455 582 3519 (2);
604 3458 636 3506 G.
655 3458 767 3519 569311.
795 3458 875 3507 ferre
894 3458 1000 3507 licuit:
1018 3457 1188 3507 fortheiact
1208 3469 1252 3506 see
1273 3471 1319 3507 on·

234 3539 236 3544 ’
259 3535 308 3586 472
326 3535 359 3592 2;
384 3532 416 3584 Β.
441 3533 498 3583 263.
538 3529 625 3582 What
642 3535 721 3583 tense
739 3531 769 3582 in
796 3535 845 3597 Ep.
876 3535 970 3583 XXII.
1000 3533 1026 3582 3.
1055 3535 1095 3585 25.
1130 3532 1316 3596 propinquo

256 3612 392 3676 English?
425 3609 539 3672 quod.
562 3644 568 3656 .
591 3644 597 3656 .
620 3621 769 3670 cumque:
795 3623 866 3660 suo:
893 3611 927 3660 cl.
951 3613 964 3672 ξ
993 3613 1031 3660 54.
1056 3611 1088 3660 33
1110 3611 1129 3659 f.
1172 3609 1316 3660 omnia

257 3690 303 3739 the
316 3689 407 3737 tmesis
425 3688 470 3746 (A.
485 3701 511 3749 p.
524 3687 585 3748 4303
607 3685 640 3735 G.
653 3685 712 3748 7203
729 3686 766 3735 H.
795 3687 952 3744 reiciebat,
963 3687 1037 3735 niul:
1058 3687 1102 3736 ior
1117 3688 1164 3736 tire
1175 3685 1317 3736 deedloek

260 3766 309 3817 636
326 3761 361 3813 V.
379 3765 409 3824 3;
433 3763 464 3814 B.
484 3763 534 3815 367
552 3760 588 3825 ii,
606 3760 676 3812 sith
689 3762 770 3828 qaod-
795 3777 825 3812 as
836 3777 852 3812 a
863 3777 957 3813 means
969 3764 998 3812 of
1014 3764 1196 3827 coerclngthe
1210 3763 1316 3826 magis-

256 3854 371 3906 oumque
404 3841 426 3890 is
459 3845 508 3891 not
541 3853 705 3889 uncommon
741 3839 768 3889 in
796 3845 880 3889 tratas
891 3854 935 3889 see
946 3854 982 3889 on
994 3841 1043 3904 Ep.
1058 3840 1109 3891 IV.
1124 3841 1149 3888 7.
1161 3840 1201 3892 u.
