2876 4378
464 347 543 400 cnr.
568 345 655 413 roco,
679 345 692 406 t
714 346 801 402 rasa.
1138 308 1217 400 6113Ι

102 517 301 608 religionem
317 530 352 587 et
368 523 559 586 memoriam
576 521 833 603 consecrantur)
848 545 856 596 ;
882 542 940 586 vos
964 521 1050 586 tanti
1076 542 1152 587 con-

101 634 305 691 servatorem
335 626 463 711 populi,
492 627 579 690 tanti
610 626 744 690 sceleris
779 624 923 690 ultorem
953 647 1021 689 non
1051 625 1151 690 modo

101 730 284 795 honoribus
315 731 419 795 nullis
450 729 612 805 afficietis,
644 729 704 793 sed
742 730 844 793 etiam
873 728 916 792 ad
946 729 1151 815 supplicium

101 835 174 920 rapi
201 834 399 919 patiemini?
444 833 682 909 Confiteretur,
707 833 932 909 confiteretur,
958 833 1105 918 inquam,
1123 835 1150 899 si
1174 853 1203 898 at

102 937 248 1015 fecisset,
264 946 299 1004 et
326 959 445 1024 magno
474 938 585 1002 animo
612 944 647 1002 et
673 936 815 1001 libenter
843 935 962 1002 fecisse
991 959 1025 1002 se
1056 938 1152 1003 liber-

102 1043 182 1106 tatis
212 1044 361 1106 omnium
388 1063 497 1117 causa,
527 1040 619 1126 quod
649 1047 737 1105 esset
762 1041 793 1104 ei
824 1062 891 1104 non
922 1041 1151 1107 confitendum

103 1144 211 1223 mode,
225 1168 341 1211 verum
357 1147 457 1210 etiam
474 1144 744 1230 praedicandum.
791 1162 882 1208 xxx.
915 1144 1060 1221 Etenim,
1072 1147 1101 1210 si
1117 1145 1152 1209 id
1163 1149 1201 1212 81

102 1270 171 1313 non
186 1257 297 1336 negat,
313 1272 355 1314 ex
372 1271 439 1334 quo
463 1249 547 1313 nihil
570 1250 667 1335 petit,
685 1248 749 1313 nisi
773 1256 814 1312 ut
836 1249 1040 1335 ignoscatur,
1058 1248 1152 1314 dubi-

102 1361 190 1418 taret
219 1352 254 1416 id
281 1352 389 1430 lateri,
417 1375 460 1418 ex
488 1374 556 1438 quo
587 1353 688 1417 etiam
720 1353 866 1436 praemia
896 1352 1006 1418 laudis
1038 1362 1151 1418 essent

101 1456 271 1542 petenda?
286 1458 350 1522 nisi
367 1479 446 1522 vero
461 1457 590 1543 gratius
607 1464 706 1541 putat
721 1478 791 1520 esse
805 1456 901 1521 vobis
913 1457 966 1521 sui
982 1477 1017 1522 se
1030 1458 1148 1542 capitis

101 1581 203 1645 quam
226 1561 329 1626 vestri
352 1559 560 1626 defensorem
587 1560 711 1635 fuisse3
735 1582 812 1625 cum
836 1562 1031 1644 praesertim
1054 1562 1089 1624 in
1112 1580 1190 1627 eac
1230 1624 1233 1630 .

100 1664 321 1741 confessione,
348 1666 377 1729 si
403 1665 492 1751 grati
519 1686 590 1730 esse
618 1665 762 1740 velletis,
791 1665 931 1729 honores
962 1686 1152 1750 assequere·

101 1778 160 1833 tur
195 1769 427 1855 amplissimos.
491 1767 526 1833 si
557 1768 685 1834 factum
716 1769 810 1833 vobis
850 1790 915 1832 non
954 1769 1152 1854 probaretur

103 1875 328 1958 (quamquam
355 1875 415 1958 qui
442 1880 572 1957 poterat
587 1873 678 1937 salus
709 1893 770 1937 sua
800 1872 958 1957 cuiquam
989 1893 1056 1936 non
1079 1895 1152 1957 pro

30 1998 32 2002 ’
100 1977 229 2061 baril),
246 1977 306 2042 sed
322 1986 433 2042 tamen
450 1979 605 2042 siminus
623 1975 799 2040 fortissimi
816 1976 880 2041 viri
896 1977 1004 2041 virtus
1021 1977 1150 2042 civibus

112 2090 197 2168 grata
213 2082 398 2156 cecidisset,
415 2104 536 2168 magno
559 2082 670 2145 animo
694 2081 929 2164 constantique
953 2080 1086 2146 cederet
1108 2103 1151 2146 cx
1175 2097 1204 2142 10

100 2188 233 2272 ingrata
244 2186 392 2252 civitate.
439 2186 526 2249 Nam
538 2184 623 2271 quid
638 2193 727 2250 esset
743 2185 906 2271 ingratius
920 2205 1021 2270 quam
1033 2186 1150 2249 laetari

101 2298 238 2365 ceteros,
252 2289 366 2376 lugere
380 2311 457 2355 eum
473 2290 592 2365 solum,
606 2297 743 2373 propter
755 2309 855 2372 quem
871 2290 974 2354 ceteri
991 2289 1151 2353 laetaren-

102 2394 184 2458 tur?
231 2392 445 2479 Quamquam
460 2393 523 2458 hoc
539 2395 651 2457 animo
674 2414 804 2476 semper
827 2413 941 2457 omnes
965 2392 1093 2457 fuimus
1117 2394 1152 2456 in
1162 2397 1204 2459 82

102 2500 227 2583 patriae
259 2497 484 2583 proditoribus
516 2496 753 2583 opprimendis,
778 2505 826 2573 ut,
851 2498 1010 2581 quoniam
1037 2505 1151 2562 nostra

102 2601 218 2667 futura
234 2610 322 2667 esset
337 2603 453 2689 gloria,
469 2603 658 2687 periculum
675 2623 811 2687 quoque
837 2608 872 2666 et
895 2601 1057 2665 invidiam
1080 2623 1152 2666 nos-
1175 2619 1204 2662 15

102 2715 187 2771 tram
211 2714 416 2791 putaremus.
465 2707 550 2770 Nam
574 2729 659 2792 quae
683 2706 764 2769 mihi
787 2706 851 2790 ipsi
875 2704 1053 2770 tribuenda
1076 2707 1149 2770 laus

103 2819 199 2887 esset,
217 2833 294 2875 cum
310 2819 443 2876 tantum
459 2813 494 2874 in
511 2812 687 2876 consulatu
704 2832 778 2875 meo
794 2831 853 2895 pro
869 2809 963 2874 vobis
980 2831 1017 2874 ac
1038 2809 1151 2874 liberis
1176 2823 1179 2830 '

104 2915 224 2980 vestris
247 2937 349 2982 ausus
372 2937 488 2992 essem,
506 2916 534 2980 si
554 2913 598 2992 id,
616 2914 707 3000 quod
731 2913 883 2991 conabar,
901 2915 972 2979 sine
997 2915 1151 3015 maximis

104 3112 170 3176 style
199 3127 229 3164 as
257 3128 310 3164 one
336 3116 397 3165 who
422 3115 473 3165 has
501 3113 571 3164 elain
600 3128 617 3163 a
644 3115 700 3162 him
728 3127 757 3163 as
779 3128 795 3162 a
823 3112 913 3176 publio
942 3127 1045 3176 enemy.
1081 3126 1154 3163 cum

105 3194 194 3252 tyrant
207 3187 232 3252 (ξ
244 3191 298 3251 80),
314 3192 368 3241 and
380 3191 468 3242 would
482 3191 616 3241 therefore
642 3189 838 3251 praesertim:
862 3190 897 3238 cf.
925 3190 968 3238 for
995 3190 1073 3239 order
1103 3189 1152 3252 Ep.

105 3267 173 3316 have
192 3280 229 3316 no
252 3281 346 3316 reason
367 3273 396 3316 to
416 3267 487 3329 deny
506 3268 552 3316 the
573 3273 616 3316 act
645 3267 723 3316 XXI.
737 3267 763 3314 4.
775 3268 819 3328 36;
836 3266 889 3315 ΙΙΙ.
904 3265 950 3315 28.
963 3267 1001 3315 24.
1029 3266 1154 3316 leethe

105 3342 210 3391 badhe
228 3343 367 3393 murdered
388 3344 498 3393 Clodius
517 3343 543 3406 (§
562 3343 613 3405 81).
643 3343 784 3405 meanings
818 3343 847 3391 of
876 3343 923 3391 the
952 3343 1059 3405 phrase.
1101 3343 1155 3404 qul

105 3417 165 3468 Still
193 3418 228 3467 hc
255 3419 349 3469 knows
379 3420 440 3468 that
471 3421 537 3468 such
562 3433 614 3470 ser·
642 3418 1099 3481 poterat,‘howcould‚'forqut:
1117 3419 1151 3468 cf.

86 3495 176 3544 ¹vices
194 3508 239 3544 are
256 3496 415 3556 dangerous,
431 3495 534 3559 though
553 3498 617 3558 they
642 3496 671 3557 ἕξ
689 3495 728 3544 54.
748 3496 791 3557 203
820 3496 860 3545 46.
887 3495 929 3543 14:
954 3495 998 3544 for
1021 3495 1101 3545 mood
1124 3495 1154 3544 ol

106 3582 183 3632 carry
192 3571 258 3620 with
270 3572 345 3620 them
359 3572 430 3621 their
440 3585 501 3621 own
513 3573 615 3622 reward
640 3574 759 3632 poterat,
773 3573 804 3620 A.
818 3572 863 3620 311
875 3585 910 3632 c‚·
928 3571 960 3620 G.
975 3571 1023 3620 599
1038 3572 1112 3620 Rem.
1126 3572 1154 3631 3;

107 3645 195 3708 (182).
643 3649 845 3705 Η.5111η.3;
866 3642 1130 3706 B.3043a),note.

33 3755 34 3760 κ
137 3723 201 3784 §St
220 3723 282 3774 1-8.
299 3723 334 3774 ld
355 3736 420 3773 non
440 3728 539 3786 negat,
560 3726 614 3787 te,
673 3725 737 3782 181.
756 3723 859 3780 14,1⁵.
881 3726 996 3781 nostra,
1007 3726 1154 3780 nostram,

107 3799 166 3847 that
182 3800 216 3848 he
234 3799 317 3849 kllled
337 3800 448 3849 Clodius
464 3801 493 3850 ln
509 3801 617 3851 seli-dc·
641 3801 797 3863 predicate:
836 3801 925 3851 notice
961 3801 1008 3850 the
1043 3799 1156 3854 forclble

106 3875 192 3926 tenco.
226 3875 260 3926 ld
281 3875 381 3936 laun,
399 3876 460 3926 that
478 3877 514 3927 he
533 3877 615 3930 killed
640 3879 786 3929 chlasmus.
