2924 4372
259 312 300 377 96
527 326 666 375 enarro
690 325 730 375 m
754 325 967 375 osrrnrunn
991 326 1119 376 rarus.

308 520 434 584 susque
459 499 623 573 volueras,
649 518 764 561 eorum
790 505 964 582 aspectum
991 499 1282 583 praesentiamque
1310 501 1361 563 vi·

307 603 405 668 tare?
438 601 474 666 Si
491 611 524 666 te
539 609 694 686 parentes
711 603 868 666 timerent
882 609 987 686 atque
1004 600 1156 666 odissent
1171 603 1222 665 tui
1245 625 1359 688 neque

308 729 364 773 eos
389 707 460 770 ulla
484 707 611 770 ratione
637 706 768 790 placare
795 727 918 790 posses,
947 712 988 769 ut
1016 706 1143 790 opinor,
1170 706 1212 770 ab
1241 729 1359 770 eorum

308 811 413 876 oculis
441 810 555 895 aliquo
580 809 786 874 concederes.
833 809 932 874 Nunc
958 817 992 874 te
1019 812 1135 894 patria,
1160 831 1246 894 quae
1272 833 1361 875 corn·

256 931 285 977 aa
307 915 418 979 munis
443 921 495 979 est
518 934 636 998 parens
662 914 812 977 omnium
835 922 996 989 nostrum,
1020 913 1093 977 odit
1115 935 1152 978 ao
1178 916 1301 979 metuit
1324 925 1362 980 et

308 1018 449 1082 iamdiu
465 1017 550 1082 nihil
566 1024 600 1082 te
617 1016 746 1081 iudicat
764 1019 828 1081 nisi
844 1017 885 1082 de
903 1017 1080 1102 parricidio
1103 1039 1164 1082 suo
1187 1020 1336 1104 cogitare
1350 1045 1359 1095 ;

308 1123 408 1186 huius
439 1129 477 1213 tu
508 1142 617 1206 neque
648 1123 884 1185 auctoritatem
916 1121 1070 1186 verebere
1101 1143 1163 1186 nec
1194 1122 1360 1188 iudicium

258 1231 296 1293 18
307 1247 446 1310 sequere
471 1247 532 1289 neo
555 1227 624 1290 vim
648 1225 885 1310 pertimesces?
934 1226 1028 1304 Quae
1052 1234 1174 1302 tecum,
1199 1226 1360 1306 Catilina,

307 1331 354 1394 sic
371 1331 491 1416 agitet
507 1328 651 1414 quodam
669 1327 767 1392 modo
784 1330 886 1393 tacita
909 1330 1081 1414 loquitur:
1107 1329 1266 1393 ‘Nullum
1290 1331 1361 1394 iam

256 1449 286 1495 30
307 1435 437 1519 aliquot
456 1434 552 1496 annis
576 1432 707 1496 facinus
730 1433 865 1497 exstitit
886 1433 950 1497 nisi
972 1455 1031 1517 per
1052 1441 1096 1509 te,
1113 1435 1245 1497 nullum
1266 1433 1363 1521 flagi-

307 1537 393 1601 tium
408 1536 479 1600 sine
496 1543 550 1611 te;
574 1535 635 1600 tibi
652 1536 711 1598 uni
729 1537 911 1600 multorum
928 1538 1054 1602 civium
1077 1558 1185 1612 necea,
1202 1536 1263 1601 tibi
1280 1560 1363 1602 vex·

307 1641 375 1704 atio
401 1639 613 1725 direptioque
638 1641 805 1704 sociorum
832 1641 986 1725 inpunita
1012 1640 1080 1704 fuit
1105 1662 1142 1705 ae
1164 1641 1293 1718 ‘libera3
1318 1650 1361 1706 tu

307 1766 373 1808 non
390 1744 499 1808 solum
514 1743 558 1807 ad
581 1743 806 1830 neglegendas
828 1744 976 1830 legeset
999 1747 1221 1830 quaestiones,
1240 1767 1362 1810 verum

306 1849 407 1913 etiam
429 1847 472 1911 ad
493 1848 690 1912 evertendas
713 1847 1035 1934 perfringendasque
1058 1850 1205 1914 valuisti.
1252 1849 1362 1934 Supe·
1438 1895 1441 1900 .

255 1967 284 2012 35
306 1952 393 2015 riora
416 1952 485 2027 illa,
512 1972 716 2036 quamquam
741 1951 878 2015 ferenda
901 1975 969 2016 non
994 1952 1143 2028 fuerunt,
1168 1961 1290 2029 tamen,
1315 1964 1359 2020 ut

306 2056 412 2141 potui,
428 2055 493 2118 tuli
506 2079 514 2130 ;
539 2076 629 2118 nunc
646 2076 724 2119 vero
746 2077 798 2118 me
821 2063 926 2120 totam
950 2079 1020 2121 csse
1043 2058 1079 2119 in
1103 2065 1195 2121 metu
1218 2065 1362 2142 propter

306 2181 413 2224 unum
429 2167 473 2235 te,
486 2159 646 2244 quicquid
664 2159 875 2243 increpuerit,
888 2159 1070 2225 Catilinam
1086 2162 1206 2236 timeri,
1220 2161 1359 2226 nullum

301 2332 427 2394 negative
445 2329 487 2394 (or
505 2330 698 2393 interrogative
715 2345 817 2380 assum-
843 2332 903 2380 bold
921 2347 967 2381 use
985 2334 1013 2382 of
1032 2333 1171 2395 language,
1185 2334 1248 2382 here
1267 2335 1362 2384 tacita

302 2408 349 2472 ing
365 2423 382 2457 a
404 2409 529 2471 negative
553 2421 665 2468 answen
685 2421 714 2456 as
732 2405 816 2469 here),
843 2406 970 2466 loquitur.
1013 2407 1112 2455 tacita
1136 2407 1282 2468 loquitur,
1309 2409 1362 2458 the

302 2498 337 2533 an
355 2485 489 2534 infinitivo
507 2483 639 2547 regularly
653 2483 770 2544 ¹follows,
789 2497 818 2533 as
842 2483 983 2531 rhetorical
997 2483 1079 2545 figure
1094 2482 1177 2532 called
1196 2497 1358 2546 oxymomn,

301 2563 398 2622 vitare,
412 2561 467 2612 line
479 2563 518 2611 21.
842 2559 887 2606 the
900 2573 945 2607 use
963 2559 992 2607 of
1011 2559 1210 2620 contradictory
1222 2559 1310 2608 words
1330 2561 1362 2610 in
1437 2554 1440 2560 ’

334 2638 380 2686 24.
397 2637 510 2699 aliquo,
523 2651 566 2687 see
584 2651 619 2686 on
637 2651 690 2698 qao
709 2637 722 2698 ξ
741 2637 815 2686 10.1.
841 2635 888 2683 the
900 2649 972 2684 same
984 2636 1089 2697 phrase.
1124 2635 1159 2685 A.
1171 2635 1230 2698 3863
1247 2635 1284 2685 Η.
1298 2637 1360 2700 637,

301 2713 580 2776 Nunc,‘n0w,asit
595 2713 636 2774 is‚’
648 2719 697 2762 not
713 2727 730 2762 a
748 2727 819 2762 mere
842 2709 988 2772 ΧΙ.,6;Β.
1000 2711 1049 2764 375
1061 2713 1085 2765 2.

302 2791 432 2852 temporal
453 2791 521 2851 idea,
540 2790 589 2839 but
610 2789 718 2852 sarving
733 2794 763 2839 to
779 2789 820 2838 in·
872 2787 919 2836 31.
935 2787 1071 2844 vexatio,
1084 2793 1133 2838 etc.
1169 2789 1199 2838 P.
1214 2789 1254 2838 22.
1284 2789 1359 2849 528.

302 2868 458 2918 troducean
474 2866 562 2916 actual
581 2866 636 2915 lact
654 2866 682 2914 in
699 2871 819 2915 eontrast
872 2863 1001 2920 satuit,
1021 2863 1064 2912 for
1086 2865 1201 2914 number
1223 2864 1257 2913 el.
1278 2864 1359 2916 Caes.

301 2948 330 2994 to
356 2945 403 2993 the
430 2943 600 3006 supposition
626 2943 675 2992 st.
697 2977 704 2991 .
727 2977 734 2991 .
758 2955 819 2992 con·
841 2941 862 2992 Ι.
875 2941 903 3002 1,
917 2943 940 3002 2,
955 2941 1059 2990 diuidit.

302 3021 417 3071 cederes.
872 3017 917 3074 3⁷,
929 3017 975 3066 38.
992 3016 1143 3078 quicquid
1158 3017 1362 3078 increpuerit,

332 3095 379 3145 25.
396 3099 546 3154 nostrum,
563 3109 607 3146 see
627 3109 663 3144 on
686 3095 700 3156 ἓ
718 3095 756 3144 14.
775 3096 814 3144 21.
842 3093 884 3143 ‘at
896 3096 944 3143 the
955 3094 1080 3157 slightest
1097 3094 1203 3156 sound‚’
1219 3094 1362 3156 literally?

303 3173 371 3223 odit
382 3187 419 3222 ac
437 3174 556 3230 metult,
569 3171 681 3221 tenses?
714 3171 763 3221 See
780 3185 815 3220 on
840 3170 1063 3233 quicquid=si
1088 3170 1170 3231 quid,
1188 3171 1222 3220 A.
1247 3171 1304 3230 309,
1329 3173 1360 3233 d,

303 3250 405 3312 §13.5.
840 3248 896 3306 316;
970 3246 1112 3309 G.5941;
1136 3248 1171 3296 H.
1191 3247 1309 3299 507111.
1329 3249 1361 3310 23

334 3325 380 3374 26.
394 3325 569 3388 parricidio,
577 3325 682 3376 instead
691 3325 719 3373 of
727 3325 817 3381 ccede,
840 3322 872 3374 B.
888 3324 937 3375 312
957 3324 978 3373 1.
1018 3324 1215 3384 increpuerit,
1237 3323 1272 3372 A.
1297 3323 1363 3387 3423

302 3402 416 3454 because
438 3404 485 3454 the
507 3409 620 3464 country
637 3403 659 3452 is
682 3415 731 3450 our
748 3415 815 3450 ccm-
840 3399 873 3450 G.
897 3401 946 3450 509
966 3401 995 3462 43
1023 3400 1058 3448 Η.
1084 3401 1140 3460 529,
1163 3400 1215 3461 ΙΙ.;
1244 3398 1275 3450 B.
1296 3401 1359 3454 324.

303 3482 392 3530 marris
400 3495 510 3542 parens.
840 3476 941 3525 videri
957 3513 962 3524 .
977 3513 982 3524 .
998 3511 1004 3523 .
1020 3476 1186 3524 consilium
1201 3511 1206 3522 .
1221 3511 1226 3523 .
1242 3511 1248 3522 .
1262 3487 1362 3536 posse

336 3556 382 3604 27.
398 3557 555 3613 verebere,
580 3557 609 3605 in
633 3555 681 3603 the
708 3554 762 3601 ind.
790 3553 819 3600 ol
844 3577 869 3600 =
884 3553 987 3602 trullum
1005 3553 1146 3602 consilium
1165 3551 1276 3614 (‘plan,’
1299 3551 1364 3600 ‘de-

303 3632 364 3695 dep.
373 3633 450 3683 verbs
463 3634 523 3681 how
530 3646 576 3682 are
587 3632 634 3680 the
646 3629 759 3691 endings
770 3630 820 3677 -ris
842 3630 900 3690 sign
909 3629 928 3690 ’)
938 3630 1023 3678 uideri
1034 3630 1190 3688 possetque
1201 3627 1220 3690 (‘
1228 3626 1362 3691 formed),

304 3709 357 3758 and
369 3723 409 3759 -re
421 3709 485 3758 used
498 3709 533 3770 by
545 3707 662 3758 Cicero?
844 3709 939 3754 contro
961 3719 1010 3754 me.
1057 3705 1109 3753 For
1126 3704 1241 3766 Englislr
1263 3704 1362 3766 idiom,
1454 3751 1455 3758 ,

338 3787 403 3847 §1a
423 3785 469 3835 29.
492 3780 743 3847 quodammodo,
756 3780 821 3828 used
843 3779 960 3838 see0n§
975 3779 1012 3826 15.
1027 3778 1109 3826 32-33.

305 3866 334 3921 to
361 3862 451 3917 suiten
474 3875 510 3916 an
535 3858 680 3926 unusually
706 3858 763 3906 free
790 3869 821 3910 or
876 3853 922 3907 ³9.
940 3852 1113 3913 abhorreat,
1127 3852 1166 3905 ‘is
1178 3853 1365 3907 inconsistent
1454 3873 1455 3888 .
