2936 4376
257 319 320 390 346
613 331 685 386 eno
708 330 739 402 Ρ.
763 328 885 388 soom
908 329 1058 385 calmo.

309 537 380 581 sam
406 517 577 600 vitamque
606 513 811 578 defendere?
857 511 892 577 Si
920 511 1048 576 medius
1076 510 1185 587 fidius,
1217 506 1353 587 iudices,

256 637 286 684 10
305 642 374 685 non
390 642 443 685 me
460 621 531 704 ipsa
547 641 598 684 res
615 618 749 703 publica
765 619 847 682 meis
864 616 1030 680 laboribus
1047 624 1082 680 et
1101 615 1258 700 periculis
1282 636 1355 679 con·

308 733 442 791 servata
456 723 498 788 ad
513 723 714 809 gravitatem
738 722 840 786 animi
863 729 898 785 et
920 721 1142 784 constantiam
1165 742 1226 785 sua
1249 719 1355 806 digni-

308 837 378 894 tate
394 835 576 903 revocaret,
591 825 705 891 'tamen
722 825 784 890 hoc
804 833 924 888 natura
947 832 1000 889 est
1022 825 1171 900 insitum,
1189 831 1237 900 ut,
1254 844 1354 908 quem

308 933 469 1008 timueris,
487 933 624 1016 quicum
640 931 681 994 de
699 932 770 995 vita
785 928 998 1013 fortunisque
1020 927 1241 1004 contenderis,
1258 927 1354 991 cuius

309 1059 351 1102 ex
382 1036 512 1102 insidiis
542 1037 696 1111 evaseris,
727 1034 817 1098 hunc
847 1054 977 1118 semper
1006 1031 1125 1097 oderis.
1182 1031 1249 1096 Sed
1278 1052 1356 1095 cum

258 1157 286 1202 1o
307 1149 427 1226 agatur
441 1140 547 1204 honos
564 1161 657 1204 meus
674 1138 908 1223 amplissimus,
925 1137 1031 1222 gloria
1053 1157 1164 1200 rerum
1186 1143 1356 1222 gestarum

309 1245 499 1330 singularis
523 1265 610 1319 cum,
635 1242 790 1326 quotiens
819 1242 962 1326 quisque
993 1247 1044 1304 est
1074 1241 1109 1302 in
1139 1240 1202 1303 hoc
1232 1239 1356 1304 scelere

309 1347 496 1423 convictus,
513 1349 638 1411 totiens
655 1353 835 1410 renovetur
858 1345 1015 1408 memoria
1037 1365 1096 1427 pcr
1120 1365 1171 1407 me
1199 1343 1356 1408 inventae

308 1451 438 1526 salutis,
462 1472 525 1536 ego
551 1452 613 1514 sim
641 1458 709 1513 tarn
736 1448 882 1525 demens
907 1469 969 1534 ego
1000 1448 1214 1516 committam,
1240 1453 1279 1510 ut
1308 1467 1357 1522 ea,

309 1576 395 1639 quae
411 1577 471 1639 pro
487 1556 596 1618 salute
615 1555 764 1618 omnium
787 1554 885 1640 gessi,
902 1575 982 1618 casu
1006 1554 1112 1638 magis
1136 1559 1172 1616 et
1194 1550 1357 1616 felicitato

256 1676 286 1721 no
307 1681 326 1722 a
349 1681 400 1724 mc
425 1679 526 1742 quam
554 1648 680 1722 uirtute
707 1666 742 1722 et
766 1657 905 1721 consilio
932 1663 1027 1742 gesta
1054 1677 1126 1721 esse
1154 1653 1359 1719 videantur?

257 1763 424 1842 84‘Quid
447 1763 549 1848 ergo?
573 1763 634 1826 hoc
662 1762 723 1825 tibi
750 1761 876 1838 sumis,'
893 1760 984 1824 dicet
1009 1759 1151 1824 fortasse
1180 1759 1358 1843 quispiam,

311 1874 380 1942 ‘ut,
398 1870 478 1950 quia
494 1875 533 1930 tu
553 1865 716 1940 defendis,
734 1867 894 1930 innocens
917 1863 1130 1928 iudicetur?’
1177 1863 1251 1949 Ego
1267 1883 1358 1939 ver0,

309 1969 447 2046 iudices,
465 1991 532 2034 non
549 1969 648 2033 modo
671 1969 752 2032 mihi
775 1969 860 2033 nihil
884 1968 1033 2044 adsumo,
1050 1968 1084 2031 in
1101 1959 1180 2051 quo'
1191 1967 1361 2051 quispiam

310 2082 487 2160 repugnet,
504 2073 690 2149 sedetiam,
708 2075 736 2137 si
760 2073 843 2157 quid
866 2073 907 2138 ab
932 2072 1084 2137 omnibus
1101 2071 1306 2148 conceditur,
1323 2070 1362 2135 id

257 2189 286 2236 25
308 2177 411 2242 reddo
431 2199 468 2242 ac
492 2179 636 2242 remitto.
683 2176 759 2240 Non
777 2177 810 2238 in
827 2197 866 2240 ea
882 2199 915 2240 re
934 2175 1069 2260 publica
1085 2197 1209 2252 versor,
1225 2196 1293 2238 non
1318 2174 1361 2238 iis

310 2283 516 2367 temporibus
547 2303 658 2346 mcum
689 2288 791 2366 caput
821 2281 927 2344 obtuli
958 2303 1018 2365 pro
1054 2281 1163 2364 patria
1201 2279 1362 2364 periculis

310 2386 474 2462 omnibus,
492 2407 558 2450 non
583 2394 643 2449 aut
666 2387 714 2448 ita
735 2393 817 2448 sunt
843 2386 996 2462 extincti,
1015 2406 1099 2470 quos
1123 2385 1199 2461 vici,
1225 2391 1284 2448 aut
1311 2384 1363 2448 ita

310 2491 407 2576 grati,
425 2511 510 2574 quos
536 2490 678 2565 servavi,
705 2497 745 2553 ut
767 2509 828 2574 ego
852 2490 933 2553 mihi
957 2490 1034 2574 plus
1061 2498 1219 2574 appetere
1247 2509 1361 2565 coner,

313 2615 414 2678 quam
445 2602 612 2678 quantum
647 2615 761 2658 omnes
798 2594 924 2658 inimici
961 2593 1136 2678 invidique
1175 2593 1362 2678 patiantur.

258 2702 297 2764 85
309 2699 419 2764 Grave
436 2721 508 2764 esse
525 2698 661 2764 ridetur
676 2720 762 2774 eum,
780 2700 838 2783 qui
855 2701 1068 2786 investigarit
1084 2699 1361 2776 coniurationem,

340 2941 421 2992 9-13.
460 2940 582 2991 medius
610 2938 703 2991 fidius
716 2965 741 2990 =
758 2939 820 3005 [tto]
845 2943 944 3006 always
962 2943 1085 2993 followed
1104 2943 1139 3005 by
1151 2943 1266 2992 another
1282 2955 1364 3006 ques·

310 3034 350 3069 mc
368 3021 435 3070 deus
448 3019 537 3080 fidius
559 3015 705 3082 [adtavcth
723 3033 767 3068 see
786 3033 821 3067 on
844 3019 1363 3082 tionandalwaysimplylnganegatire

310 3096 469 3155 rnehercala
484 3095 506 3145 Ι.
519 3094 566 3143 17.
585 3097 624 3145 13.
660 3096 722 3146 dius
735 3095 823 3156 fidius
844 3110 956 3145 answer.
981 3095 1040 3144 tibi
1049 3095 1153 3153 sumis,
1165 3093 1171 3120 ‘
1181 3095 1216 3145 do
1225 3109 1278 3157 you
1287 3109 1364 3145 arro-

312 3170 458 3234 (otfldes),
470 3171 476 3195 ‘
486 3173 532 3221 the
544 3172 596 3234 god
608 3172 637 3222 ol
649 3172 718 3234 good
730 3171 820 3222 fallit'
845 3177 906 3234 gete
914 3187 943 3222 so
951 3173 1033 3221 much
1041 3178 1069 3221 to
1077 3171 1195 3235 yourself
1203 3171 1217 3221 ἱ)
1225 3169 1231 3196 ’
1240 3171 1272 3220 ln
1280 3182 1317 3219 ea
1326 3183 1362 3221 re
1409 3177 1411 3182 '

310 3247 417 3296 animi:
439 3248 513 3297 what
531 3248 553 3298 is
571 3249 605 3298 its
629 3249 746 3310 position
759 3248 822 3297 here
845 3248 985 3310 publica:
1002 3249 1044 3297 for
1057 3249 1174 3311 thought
1187 3247 1221 3296 cl.
1236 3247 1250 3310 ξ
1263 3247 1302 3297 28.
1316 3248 1360 3298 29.

310 3324 420 3374 called?
453 3324 487 3374 of.
500 3327 586 3384 putet,
602 3326 667 3386 542.
682 3325 722 3374 30.
758 3325 823 3386 qui·
877 3325 941 3386 §85.
977 3325 1035 3374 The
1048 3324 1166 3387 thought
1178 3325 1213 3374 is:
1231 3323 1293 3373 Ido
1309 3329 1363 3374 not

310 3412 396 3448 cum:
421 3401 546 3450 for-form
564 3401 598 3450 cf.
619 3401 688 3450 Mur.
711 3400 756 3448 22.
778 3402 822 3462 413
845 3401 894 3450 ask
913 3402 974 3451 that
992 3415 1047 3463 you
1064 3400 1162 3450 should
1185 3400 1268 3462 shape
1291 3414 1364 3462 your

309 3477 410 3539 gender
421 3477 508 3526 here?
845 3477 947 3526 verdlct
958 3478 993 3540 by
1005 3478 1078 3526 what
1089 3478 1103 3526 I
1116 3491 1163 3539 say
1175 3491 1204 3527 as
1220 3491 1237 3526 a
1253 3490 1318 3525 man
1333 3477 1365 3526 ol

341 3552 446 3611 18,19.
467 3553 533 3611 sim,
551 3553 760 3603 committam:
780 3553 824 3602 for
846 3554 911 3617 high
948 3553 1068 3616 position
1096 3553 1150 3603 and
1183 3553 1363 3615 prominencc

310 3630 435 3680 moodcl.
450 3630 594 3692 disputem,
609 3631 674 3691 §64
691 3632 712 3679 1.
739 3642 823 3686 casu,
846 3627 1029 3692 (attctoritota',
1048 3629 1067 3678 1.
1088 3627 1142 3692 35),
1160 3630 1210 3679 but
1228 3629 1242 3678 Ι
1258 3629 1293 3678 do
1310 3629 1364 3679 ask

285 3757 288 3766 ,
311 3711 375 3756 eta:
389 3706 433 3757 for
444 3707 561 3770 thought
572 3707 607 3756 ol.
622 3706 675 3756 ΙΙΙ.
690 3703 735 3753 29.
747 3707 786 3755 31.
845 3721 897 3768 you
908 3713 937 3756 to
949 3707 1051 3756 ascribe
1062 3720 1138 3756 some
1149 3701 1320 3768 importunos
1333 3711 1364 3756 to

343 3783 403 3844 §34-
417 3783 518 3833 21-25.
531 3783 615 3843 Quid
623 3783 823 3844 ergo‚afavor-
845 3784 918 3832 what
929 3784 943 3832 I
955 3782 1086 3845 solemnly
1097 3782 1203 3832 declaro
1215 3795 1244 3832 as
1260 3796 1278 3831 a
1294 3795 1366 3832 man
1381 3809 1386 3817 κ

311 3860 348 3912 lte
359 3861 454 3924 wayol
466 3860 727 3924 introducinganew
735 3859 821 3924 point,
845 3859 873 3909 oi
884 3860 972 3910 honor
985 3858 1107 3922 (pudori,
1122 3858 1140 3909 l.
1156 3858 1210 3926 36).
