2870 4376
211 301 276 368 489
413 297 414 300 ’
528 314 625 364 Ι1110
647 314 678 363 r.
703 313 829 363 snsrro
853 311 1003 362 0111110.

264 473 407 552 reddere
448 485 634 562 consuevit,
673 502 732 549 rex
770 484 896 548 amicus
935 483 1029 547 nulia
1066 483 1189 548 iniuria
1226 506 1316 550 com·-

265 598 455 667 memorata‚
487 591 590 654 nullis
621 588 720 654 rebus
751 588 902 673 repetitis
933 609 1010 652 cum
1037 587 1133 654 bonis
1157 589 1315 656 omnibus

265 695 505 781 publicaretur.

214 798 253 860 58
308 816 428 864 xxvii.
461 798 573 864 Multa
588 797 715 874 acerba,
732 797 840 862 multa
855 797 975 881 turpia,
993 797 1101 862 multa
1117 796 1317 862 turbulenta

266 902 382 968 habuit
398 903 454 967 ille
470 923 598 977 annus;
616 909 729 968 tamen
745 901 796 965 illi
811 901 940 977 sceleri,
957 899 1050 986 quod
1062 901 1097 964 in
1110 923 1163 966 me
1174 902 1324 967 illorum.

266 1007 455 1072 immanitas
479 1006 594 1082 edidit,
612 1006 699 1070 haud
717 1007 786 1070 scio
801 1027 844 1070 an
860 1013 950 1071 recte
964 1005 1025 1071 hoo
1036 1007 1229 1090 proximum
1237 1027 1317 1077 esse

266 1110 426 1176 dicamus.
472 1109 681 1175 Antiochum
714 1109 878 1197 Magnum
909 1111 1006 1174 ilium
1036 1111 1176 1178 maiores
1206 1113 1318 1176 nostri

227 1233 243 1274 ⁵
266 1236 386 1301 magna
401 1214 480 1280 belli
498 1215 712 1279 contentione
730 1222 818 1279 terra
833 1215 984 1300 marique
1008 1223 1203 1300 superatum
1227 1217 1319 1280 intra

267 1328 415 1384 montem
441 1319 592 1382 Taurum
617 1340 756 1405 regnare
782 1320 961 1396 iusserunt,
978 1320 1106 1396 Asiam,
1123 1337 1191 1406 qua
1216 1321 1319 1385 illum

268 1423 465 1497 multarunt,
481 1422 611 1499 Attalo,
628 1430 669 1486 ut
684 1423 711 1487 is
729 1431 884 1509 regnaret
901 1424 933 1486 in
952 1439 1000 1500 ea,
1019 1423 1319 1500 condonaveruut;

267 1549 344 1592 oum
372 1527 608 1592 Armeniorum
637 1549 715 1614 rege
745 1527 892 1614 Tigrane
919 1550 1021 1614 gravo
1053 1527 1180 1592 bellum
1208 1550 1321 1613 nuper

268 1633 332 1716 ipsi
348 1630 615 1716 diuturnumque
631 1633 806 1719 gessimus,
824 1655 900 1698 cum
918 1633 974 1697 ille
991 1633 1123 1699 iniuriis
1147 1635 1182 1696 in
1197 1634 1319 1698 socios

218 1751 246 1798 10
267 1742 397 1800 nostros
421 1733 603 1806 inferendis
627 1736 715 1802 bello
738 1758 840 1820 prope
865 1757 924 1799 nos
949 1736 1149 1801 lacessisset.
1196 1736 1263 1801 Hic
1281 1745 1321 1801 et

268 1839 338 1924 ipse
363 1860 423 1923 per
445 1860 481 1904 se
498 1839 677 1904 vehemens
704 1839 772 1904 fuit
797 1847 832 1904 et
854 1840 1052 1904 acerrimum
1068 1841 1199 1905 hostem
1215 1841 1321 1905 huius

268 1942 398 2027 imperii
416 1942 649 2008 Mithridatem
667 1944 804 2029 pulsum
828 1942 938 2007 Ponto
961 1944 1080 2028 opibus
1104 1945 1176 2008 suis
1200 1966 1323 2030 regno-

266 2069 332 2133 que
357 2046 561 2113 deienditet
576 2068 595 2111 a
611 2047 649 2112 L.
667 2047 821 2126 Lucullo,
838 2069 969 2114 summo
992 2049 1066 2112 viro
1084 2056 1191 2132 atque
1215 2049 1323 2132 impe-

271 2159 390 2228 ratore,
418 2151 536 2236 pulsus
563 2152 673 2216 animo
701 2158 814 2216 tamen
839 2153 954 2216 hostili
982 2173 1059 2216 cum
1082 2152 1222 2236 reliquis
1244 2153 1321 2216 suis

216 2271 245 2318 1⁶
267 2256 370 2340 copiis
386 2256 421 2318 in
444 2257 585 2340 pristina
609 2263 720 2321 mente
744 2257 877 2320 mansit.
926 2259 1028 2320 Hunc
1053 2255 1113 2320 Cn.
1134 2255 1321 2340 Pompeius

267 2353 344 2425 cum
360 2361 396 2424 in
412 2361 482 2424 suis
500 2361 618 2427 castris
640 2361 827 2446 supplicam
851 2360 1017 2426 abiectum
1041 2360 1190 2437 vidisset,
1208 2362 1324 2426 erexit

268 2472 369 2550 atque
387 2465 517 2552 insigne
535 2466 675 2552 regium,
693 2464 857 2550 quoditie
874 2464 992 2530 desuo
1009 2466 1118 2549 capite
1139 2464 1324 2544 abiecerat,

268 2570 418 2654 reposuit
444 2575 479 2634 et
502 2570 603 2634 certis
631 2569 729 2634 rebus
758 2570 929 2653 imperatis
957 2591 1094 2656 regnare
1126 2569 1224 2634 iussit
1255 2590 1325 2636 nec

297 2773 361 2832 158.
380 2775 442 2825 2-5.
462 2775 515 2824 ille
550 2789 665 2825 annus:
704 2777 777 2826 what
804 2776 845 2825 lus
858 2777 886 2824 in
903 2776 992 2836 69-68,
1005 2776 1182 2826 surrendered
1191 2779 1221 2825 to
1237 2777 1327 2826 Pom-

265 2853 353 2915 year?
393 2851 477 2901 haud
500 2852 569 2901 seio
592 2865 645 2900 an:
674 2867 718 2902 see
741 2867 775 2903 on
804 2853 879 2914 peius
897 2852 951 2901 and
970 2865 1024 2902 was
1043 2852 1091 2902 leit
1111 2853 1140 2901 in
1163 2853 1325 2914 possession

264 2929 356 2979 nescio
368 2943 405 2978 cn
418 2927 468 2978 IV.
486 2927 511 2977 9.
523 2930 547 2978 6.
583 2928 777 2978 Antiochum
803 2929 832 2978 01
849 2929 988 2978 Armenia.
1024 2928 1180 2991 Greighton,
1199 2943 1224 2991 p.
1244 2928 1276 2980 ’10
1296 2931 1312 2979 f
1318 2946 1327 2992 3

265 3005 425 3066 Magnum:
448 3019 492 3054 see
512 3004 670 3068 Creighton,
689 3021 715 3068 p.
733 3007 777 3068 48;
804 3004 893 3066 Allan,
907 3019 933 3067 p.
953 3005 999 3054 195
1015 3006 1035 3054 1.
1070 3004 1326 3070 1111110ῐὶ1111,ορ-

265 3081 355 3144 Allen‚
369 3097 394 3144 p.
415 3082 474 3144 1353
491 3083 589 3144 Myers,
608 3096 633 3144 p.
647 3082 692 3144 703
708 3083 777 3132 Pen-
803 3083 886 3144 posed
898 3087 926 3131 10
938 3083 1064 3144 maiores,
1078 3081 1095 3132 1.
1109 3083 1132 3132 4.

265 3158 328 3220 nell,
342 3174 367 3221 p.
381 3157 420 3210 18.
445 3159 533 3216 intra,
545 3159 616 3208 from
627 3161 674 3208 the
685 3159 777 3209 stand·
835 3157 916 3207 9-18.
934 3158 1054 3206 iniuriis
1122 3193 1129 3207 .
1145 3157 1326 3209 inferendis

265 3237 342 3297 point
370 3236 399 3284 oi
416 3236 577 3285 Antiochus.
803 3234 1166 3285 differshowfromiaiarita
1182 3269 1190 3286 .
1209 3272 1215 3284 .
1234 3235 1327 3288 atla—

297 3310 358 3360 6-8.
382 3324 450 3372 qua,
478 3316 612 3374 pregnant
645 3312 689 3361 101
721 3326 776 3374 qua
803 3312 862 3360 tia?
895 3312 991 3362 Seeon
1004 3313 1074 3362 Mur.
1088 3312 1137 3361 17.
1147 3313 1170 3362 5.
1205 3323 1326 3372 prope:

265 3391 377 3449 erepta:
403 3389 445 3437 ior
469 3401 530 3437 ease
547 3387 602 3437 and
621 3389 665 3438 for
686 3403 777 3438 mean·
803 3387 837 3437 01.
861 3385 874 3443 i
897 3389 936 3437 50.
961 3390 1000 3439 27.
1045 3401 1103 3437 nos
1126 3386 1326 3447 lacessisset,

265 3464 313 3526 ing
344 3464 374 3513 01
406 3464 558 3514 multarunt
591 3479 636 3515 see
677 3479 713 3513 on
753 3466 774 3515 I.
804 3463 946 3513 ‘assumed
970 3465 1017 3514 the
1034 3463 1184 3515 ostensive)
1219 3465 1326 3514 certis

264 3539 310 3589 28.
329 3541 371 3602 16;
387 3540 414 3588 4.
428 3531 453 3590 9.
489 3541 636 3598 Attalo,a
653 3541 774 3603 blunder,
802 3539 897 3588 rebus
914 3541 1081 3602 imperatis.
1115 3541 1245 3604 Tigranes
1262 3540 1327 3593 had

264 3631 294 3666 as
317 3617 471 3667 Antiochus
495 3631 549 3667 was
573 3617 720 3667 succeeded
744 3619 778 3680 by
804 3622 833 3665 10
861 3631 913 3678 pay
945 3631 980 3665 an
1010 3617 1161 3680 indemnity
1183 3617 1212 3667 oi
1242 3617 1327 3678 6,000

264 3693 399 3743 Eumenes
422 3694 472 3760 11,
495 3694 556 3743 who
579 3695 689 3756 reigned
708 3695 776 3743 irom
804 3692 912 3754 talenta
937 3693 991 3742 and
1014 3699 1042 3742 10
1067 3695 1128 3756 give
1151 3707 1188 3755 up
1210 3692 1246 3741 all
1269 3694 1327 3745 the

266 3768 312 3821 197
330 3774 358 3818 10
376 3771 431 3819 159.
467 3769 604 3830 rigram,
622 3770 778 3820 son-in-law
805 3771 928 3833 territory
942 3772 975 3821 he
993 3771 1047 3826 had
1063 3771 1190 3839 acquired
1207 3771 1326 3836 1110011-

264 3844 294 3902 ci
306 3845 494 3910 Mithradates,
503 3846 629 3903 defeated
637 3847 672 3915 by
681 3847 778 3902 11110111-
805 3853 891 3916 quest,
