2870 4376
411 296 491 347 cnr.
517 296 606 358 soso,
631 296 645 357 ς
669 295 788 346 rra-iao.
1107 281 1171 347 529

65 478 173 547 retur,
198 467 291 554 quod
313 476 374 532 aut
399 468 563 552 populum
591 401 787 532 universum
810 466 946 554 fugeret
968 475 1028 533 aut
1050 489 1117 532 non

65 575 274 661 exprimeret
289 573 360 658 ipse
377 580 479 636 actor.
526 571 572 636 Et
587 592 712 656 quaeso
733 571 796 635 hoc
819 572 904 649 loco,
921 571 1059 648 iudices,
1076 593 1117 638 ne
1132 577 1191 640 119

65 701 136 764 qua
152 678 299 753 ‚levitate
327 698 379 741 me
406 675 547 740 ductum
574 675 617 739 ad
643 676 816 740 insolitum
846 697 953 762 genus
983 675 1118 741 dicendi
1141 693 1170 738 31

65 783 135 848 labi
160 782 298 868 putetiS,
315 781 344 845 si
371 779 412 846 de
440 781 559 865 poetis,
576 779 617 844 de
645 779 875 857 histrionibus,
900 780 941 846 de
964 777 1055 846 ludis
1078 781 1114 844 in

64 886 192 952 iudicio
208 887 337 970 loquar.

110 1007 184 1055 LVI.
216 989 292 1054 Non
320 1009 395 1053 sum
421 995 489 1052 tam
513 989 660 1075 ignarus,
686 988 823 1066 iudices,
843 1011 1030 1066 causarum,
1047 1011 1115 1053 non

65 1103 136 1160 tam
152 1095 298 1159 insolens
322 1094 358 1156 in
381 1091 534 1170 dicendo,
552 1101 592 1158 ut
606 1094 696 1157 omni
720 1115 762 1157 ex
786 1115 906 1179 genere
931 1094 1114 1158 orationem

64 1220 215 1283 aucuper
229 1204 265 1262 et
280 1218 396 1262 omnes
413 1196 564 1282 undique
580 1194 737 1261 flosculos
755 1218 885 1282 carpam
910 1206 1012 1282 atque
1037 1197 1117 1262 deli-

65 1301 153 1367 bem.
199 1299 286 1378 Soio,
303 1300 386 1386 quid
410 1301 560 1387 gravitas
579 1307 700 1376 vestra,
717 1300 800 1385 quid
823 1301 904 1366 haec
928 1301 1114 1379 advocatio,

65 1405 150 1490 quid
173 1405 231 1469 ille
255 1412 453 1482 conventus
471 1403 556 1490 quid
578 1404 726 1491 dignitas
750 1404 788 1468 P.
812 1404 912 1482 Sesti,
929 1406 1012 1490 quid
1034 1407 1118 1491 peri·
1153 1422 1169 1468 t

64 1510 135 1575 culi
151 1509 360 1596 magnitudo
377 1509 461 1594 quid
482 1516 584 1587 aetas,
602 1506 684 1594 quid
707 1509 813 1574 honos
836 1531 930 1574 meus
954 1510 1114 1594 postulet.

65 1613 133 1678 Sed
150 1613 231 1676 mihi
247 1614 375 1698 sumpsi
391 1613 454 1678 hoc
467 1614 540 1678 loco
552 1613 740 1678 doctrinam
753 1613 921 1698 quandam
933 1616 1115 1691 iuventuti,
1186 1661 1189 1682 -.

65 1720 259 1803 quiessent
281 1725 482 1803 optumates.
529 1718 569 1781 In
597 1740 635 1783 ea
662 1701 862 1804 explicanda
889 1705 1116 1783 demonstran·
1186 1741 1189 1798 ξ

65 1821 146 1885 dum
159 1829 211 1886 est
226 1843 293 1885 non
311 1843 382 1886 esse
398 1821 569 1906 popularis
582 1822 689 1886 omnis
706 1843 772 1899 eoa,
786 1821 847 1907 qui
862 1829 1035 1907 putentur.
1075 1821 1116 1886 Id
1187 1803 1189 1814 ’

64 1925 225 1990 facillime
241 1946 436 2011 consequar,
454 1927 483 1990 si
507 1926 657 1991 universi
679 1926 796 2011 populi
819 1926 983 1991 iudicium
999 1949 1115 1993 verum
1140 1945 1169 1991 10

64 2037 101 2095 et
116 2032 349 2114 incorruptum
366 2038 401 2094 et
416 2031 445 2094 si
462 2031 599 2094 intimos
612 2052 731 2096 sensus
747 2031 896 2096 civitatis
908 2054 1111 2117 expressero.

66 2133 159 2213 Quid
186 2133 254 2197 fuit
280 2133 376 2210 illud,
394 2133 487 2219 quod
513 2136 640 2199 recenti
667 2137 789 2200 nuntio
817 2135 858 2200 de
889 2136 948 2200 illo
978 2145 1115 2202 senatus
1129 2139 1189 2203 120

64 2238 230 2314 consulto,
247 2237 340 2322 quod
356 2237 552 2302 factumest
573 2239 608 2301 in
632 2239 757 2324 templo
774 2239 934 2316 Virtutis,
950 2240 994 2304 ad
1017 2241 1114 2305 ludos

64 2362 286 2427 scaenamque
303 2342 430 2427 perlato
451 2363 611 2407 consessu
634 2364 793 2407 maxumo
816 2365 967 2408 summus
991 2343 1114 2410 artifex

70 2597 73 2603 '
97 2599 142 2658 29,
154 2599 200 2648 ³0.
239 2598 358 2660 quod:
376 2599 399 2648 is
417 2599 485 2661 subj.
506 2597 579 2661 (le,
603 2599 668 2650 Sull.
681 2599 727 2649 31.
743 2601 783 2649 22.
802 2602 905 2650 aetas:
927 2601 989 2650 how
1004 2600 1048 2650 old
1063 2615 1117 2651 was

65 2675 244 2734 nominative)
265 2677 295 2726 of
306 2675 430 2737 sugeret,
449 2676 503 2725 and
524 2675 580 2726 also
603 2677 719 2726 Cicero?
746 2675 818 2734 Sed,
841 2683 908 2736 eto,
925 2676 995 2727 ‘But
1014 2679 1044 2726 in
1061 2679 1117 2727 this

65 2755 119 2815 obj.
147 2753 213 2813 (le,
242 2751 407 2814 accusative)
436 2753 466 2801 of
493 2755 581 2813 capr-i·
602 2758 662 2816 part
679 2753 708 2802 ol
725 2767 771 2815 my
784 2753 880 2814 speech
898 2753 912 2801 1
931 2753 1001 2802 have
1020 2753 1118 2803 under-

64 2833 165 2879 meret:
187 2829 231 2878 for
242 2830 320 2878 other
331 2829 430 2880 double
444 2835 581 2878 construc—
603 2828 685 2876 taken
705 2831 734 2876 to
754 2827 842 2886 teach,
859 2828 881 2876 is
899 2828 912 2876 Ι
930 2842 993 2890 may
1011 2842 1057 2891 say
1077 2843 1115 2888 so,

65 2906 146 2962 tions,
176 2910 224 2953 not
245 2904 385 2967 involving
406 2905 532 2953 however
564 2919 581 2953 a
602 2915 651 2950 our
674 2914 764 2963 young
791 2915 854 2949 men
883 2901 945 2952 who
972 2903 1020 2950 the
1047 2903 1117 2964 opti·

65 2983 168 3042 change
185 2981 215 3029 of
232 2993 301 3041 case,
314 2981 348 3028 cf.
364 2981 461 3042 ortibus
479 2980 516 3029 II.
534 2980 579 3028 25.
602 2981 688 3025 metes
711 2975 774 3024 are’
811 2974 1046 3034 doctrinam,
1066 2977 1117 3026 fol-

66 3058 109 3106 12:
130 3056 385 3116 Sampsiceramum,
398 3057 448 3118 Ep.
462 3055 497 3106 V.
513 3056 539 3104 2.
554 3057 577 3105 6.
602 3053 687 3102 lowed
709 3053 744 3115 by
766 3067 801 3101 an
830 3052 945 3102 indirect
973 3055 1116 3116 qrrestion:
1207 3101 1209 3106 .

64 3130 191 3191 fugeret,
226 3130 377 3193 ‘escaped,’
415 3131 489 3180 ‘was
527 3131 580 3180 lost
603 3144 645 3179 see
673 3143 709 3178 on
732 3129 797 3179 Sull.
820 3126 845 3175 3.
869 3131 908 3179 39.
953 3129 1116 3191 quandam,

65 3207 158 3268 upon’
211 3207 407 3268 exprimeret,
444 3207 580 3270 ‘brought
602 3205 671 3252 asin
685 3204 698 3265 ξ
714 3203 753 3255 31.
773 3204 810 3252 14.
846 3204 1011 3258 iuventuti.
1026 3205 1117 3254 dative

65 3280 131 3330 out.’
340 3290 344 3299 ·
602 3281 632 3329 of
669 3280 814 3342 reference,
850 3281 917 3329 with
951 3281 1114 3330 doctrinam.

602 3360 721 3406 essent:
746 3357 789 3406 for
810 3362 886 3407 tense
903 3358 937 3406 ef.
958 3357 1008 3408 IV.
1028 3356 1053 3406 9.
1073 3359 1116 3419 113

97 3436 178 3496 5119.
190 3435 252 3484 2-tt
274 3435 421 3493 insolens,
435 3435 578 3486 ‘untried’
603 3432 656 3482 III.
670 3433 760 3483 1130.

65 3510 245 3569 orationem,
255 3509 376 3574 ‘subject
387 3512 504 3561 matter)
530 3512 581 3561 ad·
635 3511 648 3570 ἓ
665 3511 718 3559 120.
733 3509 835 3558 12-14.
853 3510 936 3569 Quid
951 3510 1013 3559 fuit
1029 3510 1116 3568 illud,

65 3583 192 3634 vocatio
208 3608 234 3634 =
248 3585 384 3644 advocati,
398 3586 516 3635 obstruet
539 3586 581 3635 for
603 3584 695 3646 quod.
705 3585 711 3608 ⁴
721 3585 804 3636 What
815 3601 831 3634 a
840 3587 924 3648 grand
933 3587 1013 3649 thing
1023 3588 1114 3647 itwas,

65 3661 249 3711 concretech.
270 3661 320 3713 IV.
334 3662 360 3709 4.
372 3663 412 3711 31.
442 3661 496 3710 ille
509 3673 581 3710 con·
603 3662 681 3710 that’
728 3667 857 3710 senatus
887 3662 1046 3711 consulto:
1078 3663 1114 3712 cf.

65 3736 185 3791 ventus,
204 3735 251 3784 the
275 3735 336 3797 ring
353 3736 383 3785 of
410 3735 581 3796 hystanders:
604 3737 684 3798 5117.
694 3739 717 3786 3.
742 3750 881 3787 summus
894 3739 1015 3798 artifex,
1027 3740 1115 3806 suist,

69 3807 113 3872 [ii]
132 3811 180 3872 qui
196 3812 299 3863 circum
313 3812 448 3864 iudicium
460 3810 580 3875 stabant,
604 3813 766 3879 unequalled
784 3815 903 3869 aud-J
955 3841 957 3845 >
