2924 4372
477 341 557 398 cnr.
581 344 637 408 eo,
663 341 785 409 sar-al.
1148 330 1210 402 101

114 519 179 586 ista
205 519 251 585 sit
277 520 408 604 privata
434 519 604 583 calamitas
632 528 712 584 eta
741 521 787 584 rei
820 521 972 606 publicae
1003 522 1160 606 periculis

114 627 321 710 seiurrgatur.
382 622 450 688 Sed
481 631 519 688 tu
551 632 590 688 ut
621 625 711 689 vitiis
749 627 816 690 tuis
852 648 1090 701 commoveam,
1122 635 1162 692 ut
1185 644 1212 689 10

114 731 230 816 legum
252 751 376 814 poenas
399 728 622 813 pertimescas,
646 737 685 793 ut
708 729 912 814 temporibus
935 731 983 796 rei
1006 729 1159 816 publicae

114 833 222 910 cedas,
239 855 306 898 non
323 841 374 898 est
397 831 648 917 postulandum.
694 833 813 919 Neque
839 836 928 898 euim
955 836 983 900 is
1008 857 1053 911 es,
1071 835 1161 900 Cati·

114 938 194 1014 lina,
211 946 251 1003 ut
277 945 310 1002 te
331 945 392 1002 aut
414 937 522 1021 pudor
537 958 698 1023 umquam
713 959 733 1002 a
749 939 958 1023 turpitudine
974 947 1035 1004 ant
1050 949 1159 1006 metus

113 1065 134 1106 a
163 1041 311 1127 periculo
341 1049 401 1105 aut
431 1042 516 1105 ratio
546 1062 566 1106 a
596 1040 708 1106 furore
740 1043 914 1108 revocarit.
977 1042 1088 1123 Quam
1118 1043 1210 1110 obas

114 1169 193 1223 rem,
221 1153 263 1210 ut
287 1165 385 1230 saepe
412 1147 478 1209 iam
506 1145 588 1221 dixi,
617 1147 823 1230 proficiscere
855 1169 903 1225 ac,
931 1149 960 1212 si
987 1147 1069 1212 mibi
1099 1149 1161 1213 ini·
1184 1165 1211 1210 15

113 1252 209 1326 mico,
241 1258 281 1313 ut
311 1248 493 1334 praedicas..
525 1258 584 1315 tuo
615 1248 758 1314 conflare
786 1253 837 1316 vis
868 1252 1040 1328 invidiam,
1067 1261 1160 1318 recta

113 1377 215 1440 perge
233 1354 266 1416 in
290 1353 449 1428 exilium3
473 1354 531 1418 vix
554 1353 660 1418 feram
682 1376 850 1420 sermones
873 1355 1056 1432 hominum,
1072 1356 1102 1420 si
1124 1357 1159 1422 id

113 1459 245 1532 feceris,
263 1459 321 1522 vix
344 1458 465 1522 molem
491 1457 587 1521 istius
609 1458 767 1532 invidiae,
784 1461 812 1523 si
838 1461 873 1522 in
897 1461 1038 1524 exilium
1063 1461 1158 1525 iussu

113 1563 262 1628 consulis
293 1562 380 1637 ieris,
411 1561 595 1627 sustinebo.
657 1561 714 1626 Sin
736 1547 865 1628 ⁴autem
901 1565 1026 1628 servire
1066 1586 1157 1630 meae

6 1681 11 1688 “
113 1664 207 1731 laudi
224 1673 259 1730 et
273 1666 397 1751 gloriae
425 1667 542 1740 mavis,
560 1666 718 1753 egredere
745 1689 822 1731 cum
849 1667 1030 1752 inportuna
1056 1669 1156 1734 scele-
1179 1685 1209 1730 20

112 1777 262 1836 ratorum
279 1790 390 1845 manu,
407 1769 523 1834 confer
539 1779 572 1838 te
596 1769 639 1833 ad
662 1770 838 1848 Manlium,
856 1772 987 1836 concita
1010 1772 1157 1857 perditos

113 1877 214 1952 cives,
246 1895 380 1939 secerne
411 1881 444 1938 te
475 1895 495 1938 a
525 1874 629 1950 bonis,
662 1874 749 1938 infer
778 1876 904 1960 patriae
937 1875 1071 1952 bellurn,
1104 1899 1158 1942 ex·

110 1981 205 2045 sulta
219 1979 323 2062 impio
338 1979 523 2053 latrocinio,
542 1987 581 2042 ut
606 2000 626 2044 a
649 2001 700 2043 me
725 2001 792 2044 non
818 1981 945 2044 eiectus
962 1979 1005 2043 ad
1020 1981 1156 2058 alienos

111 2083 173 2149 sed
196 2083 359 2148 invitatus
383 2082 425 2147 ad
448 2091 524 2147 tuos
549 2085 613 2147 isse
638 2083 790 2148 videaris.
839 2083 1051 2170 Quamquam
1075 2084 1210 2170 quid24

112 2209 177 2274 ego
200 2195 234 2252 te
259 2187 446 2262 invitem,a
471 2209 539 2271 quo
563 2188 629 2252 iam
654 2188 755 2252 sciam
778 2210 850 2253 esse
874 2189 1082 2274 praemissos,
1099 2190 1159 2275 qui
1181 2205 1210 2251 2⁵
1273 2231 1285 2250 .

115 2417 150 2470 A.
169 2419 218 2470 252
236 2434 270 2480 a;
295 2416 328 2470 G.
352 2418 415 2482 380;
442 2415 479 2470 H.
503 2418 565 2482 404;
595 2417 626 2469 Β.
651 2420 695 2483 pal
717 2421 814 2484 parts?
847 2421 900 2472 For
923 2423 978 2472 this
1000 2422 1070 2472 torm
1096 2423 1125 2474 ol
1147 2438 1164 2474 a

115 2495 167 2548 203
178 2494 202 2546 3.
651 2498 818 2548 conditional
849 2505 975 2548 sentence
1007 2500 1061 2548 and
1089 2515 1163 2566 espe-
1259 2495 1261 2499 ’

145 2572 193 2622 10.
207 2583 432 2629 commoveam,
445 2572 473 2620 in
490 2571 537 2624 the
554 2587 622 2635 pres.
650 2574 729 2636 cially
751 2574 794 2624 lor
812 2575 859 2624 the
882 2577 1040 2637 imperative
1064 2578 1092 2626 in
1115 2578 1162 2628 the

112 2651 184 2711 subi.
209 2649 239 2699 ol
271 2649 406 2712 deponent
436 2649 488 2698 arrd
521 2650 625 2711 passive
650 2653 775 2713 spodosis
793 2652 970 2712 (conclusion)
989 2667 1033 2702 see
1051 2653 1086 2703 A.
1104 2654 1160 2716 300,

111 2729 200 2792 verbs,
223 2728 316 2778 Cicero
338 2726 442 2788 usually
465 2727 555 2776 writes
577 2742 623 2787 re,
651 2739 688 2786 α;
709 2727 741 2776 G.
762 2729 822 2790 5973
841 2729 874 2777 H.
894 2729 949 2788 008,
966 2729 994 2790 4;
1021 2725 1052 2777 Β.
1070 2726 1119 2778 302
1136 2729 1161 2778 4.

110 2820 178 2868 very
189 2805 275 2868 rarely
286 2806 354 2866 *riu
371 2805 445 2852 wlrat
457 2804 484 2852 in
497 2804 544 2852 tlre
555 2817 623 2866 pres.
650 2816 816 2862 sormones,
830 2805 1023 2867 ‘reproaches’

109 2883 167 2933 and
179 2883 229 2932 fut
244 2881 316 2932 ind?
531 2923 533 2929 ,
681 2879 727 2929 18.
743 2882 835 2930 istius
876 2883 1020 2940 invidiae,
1064 2882 1161 2934 ‘tlrat
1254 2891 1259 2903 ·

143 2959 191 3008 11
208 2958 410 3020 temporibus,
432 2957 622 3017 ‘necessities‚’
650 2956 758 3016 [caused
787 2959 820 3022 by
849 2957 914 3022 you]
949 2959 1158 3022 unpopularity!

112 3036 231 3100 ‘perils‚’
245 3049 337 3098 avery
354 3048 479 3085 common
497 3036 624 3097 meaning
649 3033 685 3082 So
707 3035 762 3084 istc
784 3035 812 3084 in
833 3034 850 3083 l.
869 3037 893 3096 9,
915 3050 959 3086 see
982 3037 1048 3097 on§
1070 3036 1093 3084 3.
1118 3037 1158 3088 27.

110 3115 141 3164 in
155 3113 258 3175 Cicero,
272 3113 301 3162 in
318 3113 365 3162 the
381 3111 502 3174 singular
518 3125 547 3174 as
565 3110 623 3160 well
647 3109 735 3158 iussu
746 3111 833 3161 found
846 3112 874 3160 in
887 3112 938 3162 abl.
953 3112 1024 3174 only.

109 3205 141 3240 as
153 3190 250 3253 plural.
679 3187 724 3235 23.
741 3188 837 3250 impio
846 3188 1019 3245 latrocinio.
1029 3188 1035 3213 ‘
1044 3195 1162 3240 treason·

143 3267 191 3315 12.
207 3267 235 3315 is
247 3289 273 3315 =
285 3265 351 3316 talis
365 3264 468 3327 ‘such’,
482 3265 560 3313 wlren
575 3263 625 3313 lol-
648 3264 708 3313 able
727 3265 908 3328 brigandage,’
930 3266 1013 3315 case?
1048 3267 1082 3315 A.
1104 3267 1160 3326 240,

108 3344 197 3394 lowed
210 3343 244 3404 by
256 3346 286 3392 ut
297 3342 350 3392 and
363 3342 432 3403 subj.
649 3342 705 3400 <123
724 3340 756 3390 G.
770 3341 829 3400 4073
848 3343 883 3391 H.
897 3344 956 3403 4163
969 3340 1000 3392 B.
1018 3341 1075 3392 219.
1109 3343 1160 3392 Im-

144 3421 211 3482 523.
230 3418 275 3468 16.
293 3421 335 3476 ut,
359 3433 402 3468 see
424 3432 460 3466 on
483 3417 496 3478 ξ
521 3417 558 3468 17.
585 3417 622 3464 14.
647 3419 711 3478 pios
719 3418 741 3467 is
750 3419 857 3480 applied
867 3424 895 3468 to
903 3433 955 3482 any
964 3420 1046 3468 crime
1055 3420 1162 3482 against

108 3500 207 3554 recta,
250 3494 455 3558 ‘straiglrtway’
497 3491 581 3556 (recte
597 3517 622 3542 =
650 3493 696 3542 the
707 3495 781 3556 gods,
795 3496 841 3544 tlre
853 3500 976 3558 country,
990 3509 1020 3544 or
1032 3497 1079 3545 tlre
1091 3495 1161 3544 iam-

110 3569 301 3632 ‘correctly’)‚
315 3571 358 3619 lor
373 3570 420 3618 the
435 3569 506 3618 form
518 3568 552 3618 A.
569 3570 623 3628 148,
650 3568 693 3630 ily.
729 3581 792 3618 non
804 3571 870 3619 with
882 3572 991 3621 ciectus.

108 3663 143 3706 c:
163 3648 196 3697 G.
210 3648 251 3708 90,
261 3647 290 3706 3;
306 3647 343 3697 H.
356 3647 412 3705 304,
427 3645 512 3706 11.,a.
543 3645 626 3694 Point
682 3645 747 3706 §aa
767 3646 812 3694 24.
828 3647 899 3704 isse,
916 3647 1049 3710 principal·
1064 3648 1161 3710 parts?

107 3729 159 3773 ont
171 3724 287 3774 another
298 3723 397 3772 adverb
410 3721 515 3771 formed
534 3721 562 3770 in
579 3722 626 3771 tlre
650 3722 850 3784 Quamquam.
862 3737 905 3772 see
917 3738 953 3773 on
965 3724 982 3773 l.
998 3726 1019 3774 1.

107 3815 186 3851 same
198 3814 257 3862 way
268 3800 396 3861 in§8ad
408 3799 453 3848 fin.
681 3799 726 3847 2⁵.
743 3799 881 3855 invitem,
904 3801 978 3850 what
999 3801 1066 3850 kind
1089 3801 1118 3850 ol
1145 3815 1162 3852 a

143 3876 191 3924 17.
208 3887 308 3938 perge,
325 3875 360 3925 cl.
379 3876 393 3937 ς
411 3875 487 3924 10.1.
523 3874 625 3924 Princi·
650 3875 798 3938 question?
831 3876 865 3926 A.
890 3876 950 3939 2683
977 3875 1010 3926 G.
1033 3876 1095 3939 4683
1121 3875 1158 3927 H.
