2838 4380
193 293 255 358 368
543 305 750 360 mrsronnu
773 307 969 358 annnc'rnn.

193 480 333 544 rectione
361 478 562 554 huiusmodi,
592 499 634 544 ex
662 499 729 563 qua
756 479 835 543 licet
860 499 966 562 pauca
991 480 1291 565 degustes-nam
1320 537 1322 541 ,

243 589 353 648 cetera
368 603 435 646 non
451 590 593 666 possunt
607 581 728 646 habere
745 603 853 666 neque
871 582 940 646 vim
956 603 1065 667 neque
1078 591 1292 649 venustatem

243 675 368 752 remoto
385 686 444 750 illo
459 685 572 750 studio
588 686 822 761 contentionia
840 707 941 770 quem
957 687 1049 761 ἀγῶνα
1066 707 1125 751 vos
1148 688 1293 772 appella-

213 791 361 857 aris-2
386 811 472 866 nam,
490 797 529 854 ut
552 789 668 854 Idibus
692 789 792 854 Maiis
818 790 853 852 in
880 796 1036 854 senatum
1061 792 1290 869 convenimus,

197 899 200 904 “
243 903 379 981 rogatus
416 916 479 980 ego
517 895 720 959 sententiam
758 895 864 958 multa
902 892 973 958 dixi
1011 893 1051 960 de
1089 916 1218 960 summa
1255 918 1291 961 re

193 1019 234 1063 rm
244 999 386 1084 publica,
402 1006 504 1083 atque
528 998 585 1062 ille
610 998 704 1063 locus
732 997 891 1062 inductus
916 1019 936 1062 a
960 1019 1012 1062 me
1040 1006 1092 1064 est
1114 995 1290 1078 divinitus,

243 1125 284 1168 ne
316 1124 384 1166 una
414 1103 512 1188 plaga
542 1109 678 1186 accepta
710 1110 820 1187 patres
851 1103 1033 1188 conscripti
1064 1103 1290 1181 conciderent,

243 1229 284 1272 ne
309 1207 510 1282 deficerent;
544 1207 668 1272 vulnus
701 1228 771 1272 esse
803 1206 976 1283 eiusmodi,
1002 1206 1094 1291 quod
1125 1208 1206 1272 mihi
1228 1230 1291 1274 nec

243 1310 522 1376 dissimulandum
545 1333 606 1376 nec
630 1310 933 1395 pertimescendum
960 1310 1141 1388 videretur,
1165 1333 1207 1378 ne
1230 1320 1293 1378 aut

243 1415 429 1502 ignorando
445 1415 637 1480 stultissimi
660 1422 719 1479 aut
734 1414 915 1479 metuendo
938 1415 1145 1501 ignavissimi
1168 1415 1293 1483 iudica·

136 1579 139 1586 ,
193 1538 235 1584 130
245 1541 372 1586 remur:
405 1518 454 1584 bis
480 1519 670 1584 absolutum
702 1541 774 1584 esse
803 1518 997 1596 Lentulum,
1021 1519 1071 1584 bis
1099 1519 1291 1597 Catilinam,

243 1624 333 1688 hunc
364 1625 502 1688 tertium
533 1625 598 1686 iam
613 1697 615 1701 ,
629 1646 699 1688 esse
724 1646 744 1687 a
766 1623 932 1689 iudicibus
963 1625 998 1687 in
1028 1624 1291 1710 rempublicam

242 1731 437 1794 immissum.
485 1740 504 1768 ⁶⁶
515 1729 623 1804 Erras,
651 1729 768 1792 Clodi:
801 1750 869 1792 non
902 1737 933 1794 te
964 1729 1092 1795 iudices
1122 1730 1206 1806 urbi,
1231 1730 1292 1796 sed

243 1835 365 1898 carceri
381 1842 595 1899 reservarunt
611 1855 719 1918 neque
736 1840 769 1897 te
786 1833 928 1898 retinere
945 1834 980 1896 in
996 1834 1144 1910 civitate,
1161 1833 1222 1899 sed
1236 1855 1293 1899 ex·

242 1939 317 2002 silio
333 1939 463 2022 privare
481 1939 671 2003 voluerunt.
720 1936 953 2016 Quamobrem,
970 1945 1082 2022 patres
1098 1939 1291 2023 conscripti,

192 2061 235 2106 135
245 2044 362 2129 erigite
392 2044 530 2112 animos,
562 2043 704 2107 retinete
736 2049 882 2107 vestram
917 2040 1127 2128 dignitatem.
1173 2043 1294 2108 Manet

242 2148 301 2212 illa
325 2149 359 2211 in
385 2170 419 2212 re
445 2148 579 2232 publica
603 2146 766 2211 bonorum
799 2147 992 2222 consensi03
1026 2147 1122 2211 dolor
1151 2148 1294 2212 accessit

242 2252 337 2317 bonis
361 2253 576 2328 violavimus
603 2273 669 2315 non
696 2261 747 2315 est
770 2252 969 2326 imminuta3
993 2251 1078 2314 nihil
1103 2259 1155 2317 est
1178 2251 1293 2315 damni

242 2356 370 2421 factum
395 2358 485 2425 novi,
513 2355 581 2431 sed,
610 2354 701 2441 quod
726 2362 813 2430 erat,
835 2355 1012 2420 inventum
1037 2362 1107 2420 est:
1131 2356 1164 2419 in
1190 2356 1292 2420 unius

273 2495 412 2544 120-122.
428 2494 620 2543 huiusmodi:
639 2495 756 2544 thecon-
777 2495 874 2557 jurors,
904 2495 957 2544 and
988 2495 1128 2544 remarked
1162 2496 1223 2544 that
1255 2495 1292 2545 he

241 2573 350 2621 nection
363 2572 385 2620 is
401 2573 473 2621 loose
486 2569 540 2632 (see
553 2573 617 2620 Exc.
630 2569 665 2622 V.
679 2569 692 2627 i
703 2569 753 2631 14),
778 2572 865 2634 might
876 2572 945 2620 have
957 2571 1038 2620 saved
1051 2572 1097 2620 the
1106 2585 1203 2633 money
1211 2579 1292 2633 spent

242 2651 294 2700 and
317 2652 364 2699 the
387 2652 447 2699 idea
470 2652 492 2699 is
513 2650 659 2699 continued
688 2650 716 2699 in
739 2663 755 2698 a
777 2662 811 2696 on
825 2648 917 2698 oneoi
931 2649 1014 2697 them.
1050 2647 1100 2696 bia
1113 2647 1291 2697 Catilinam:

242 2727 368 2776 different
390 2725 460 2776 form
484 2726 550 2774 with
581 2695 820 2786 Ncm‚·etc.:lsee
841 2737 876 2773 on
898 2721 1030 2772 Sulial.
1051 2723 1089 2771 13.
1125 2721 1208 2770 hunc
1229 2726 1291 2771 ter·

244 2802 291 2863 59.
307 2803 362 2866 1233
380 2802 414 2850 ci.
430 2801 446 2850 i.
462 2801 508 2850 108
520 2803 611 2850 above.
647 2813 754 2862 pauca.
777 2801 862 2858 tium,
887 2800 1003 2851 Clodius.
1038 2802 1072 2851 in
1094 2813 1159 2851 rem
1181 2815 1223 2863 p.:
1250 2802 1287 2850 ci.

244 2877 322 2939 ‘only
340 2891 356 2924 a
373 2877 424 2925 iew·
442 2876 554 2925 tiiibits)
591 2874 754 2937 degustes:
778 2877 799 2926 1.
814 2878 859 2926 27.
873 2879 923 2926 ia·

242 2954 412 3004 formoodci.
425 2951 459 3003 ΙΙ,
470 2953 496 3002 4.
504 2955 543 3003 20.
579 2955 755 3016 quemtakes
809 2953 949 3003 132-138,
966 2967 1029 3003 non
1050 2959 1096 3004 te:
1117 2955 1163 3003 the
1182 2969 1237 3004 aon
1260 2955 1289 3004 in

241 3031 276 3079 its
296 3030 396 3090 gerrder
411 3031 482 3080 irom
500 3031 547 3080 the
564 3045 644 3080 masc.
665 3031 754 3080 Greek
778 3033 916 3082 strictness
924 3032 1022 3081 should
1031 3033 1110 3082 stand
1119 3032 1211 3082 before
1220 3032 1290 3089 arbi,

242 3107 313 3156 word
326 3108 353 3155 in
366 3108 510 3169 predicate.
544 3113 617 3170 ἀγῶνα
633 3105 753 3171 [agona],
778 3123 806 3158 as
819 3109 852 3157 its
866 3108 1023 3159 correlative
1036 3108 1129 3158 stands
1141 3109 1233 3158 before
1243 3108 1291 3158 the

243 3183 394 3246 ‘struggle’
418 3197 485 3241 vos,
495 3184 563 3246 ‘you
572 3184 752 3234 Atheniens?
777 3185 931 3235 contrasted
940 3185 1012 3234 word
1026 3186 1140 3244 carceri,
1151 3184 1200 3234 but
1209 3184 1289 3233 when

241 3273 284 3309 see
296 3273 331 3309 on
345 3259 410 3309 Sull.
425 3260 470 3309 12.
485 3262 522 3310 12.
674 3294 677 3299 -
776 3263 823 3311 the
835 3263 892 3311 first
899 3262 988 3312 clause
1000 3263 1124 3312 contains
1136 3276 1152 3310 a
1164 3275 1290 3323 pronoun

273 3337 321 3397 59.
342 3335 484 3386 124-131.
501 3341 668 3400 rogatus
690 3374 696 3385 .
719 3374 725 3384 .
749 3373 753 3384 .
776 3337 1291 3400 iigenerally(ashere)standsdirectly

242 3411 322 3461 dixi:
334 3425 378 3462 see
387 3427 413 3476 p.
423 3412 462 3474 ic,
472 3415 484 3474 5
494 3413 547 3465 107.
583 3413 623 3464 de
632 3425 754 3463 summa
776 3415 1039 3478 afterthenegative.
1073 3413 1193 3470 exsilio,
1205 3415 1259 3472 ia,
1269 3414 1292 3463 ii

241 3499 274 3540 re
297 3501 337 3550 με
361 3489 395 3540 ci.
421 3490 473 3540 ΙΙΙ.
497 3490 543 3540 13,
566 3491 589 3539 2.
634 3490 684 3539 bia
702 3527 707 3538 .
725 3526 730 3538 .
748 3526 753 3538 .
777 3490 888 3541 Clodius
899 3503 968 3540 were
979 3489 1091 3540 allowed
1104 3496 1133 3540 to
1145 3491 1247 3540 romain
1261 3491 1290 3538 in

241 3565 412 3624 nennuum,
435 3568 482 3617 the
505 3569 561 3617 first
578 3568 644 3617 time
661 3568 691 3617 oi
710 3581 755 3617 ex·
776 3569 823 3618 the
840 3568 903 3630 city,
917 3567 993 3617 there
1013 3581 1068 3617 was
1088 3567 1159 3629 hope
1177 3566 1238 3615 that
1255 3567 1291 3616 he

241 3644 343 3692 tortion
351 3644 430 3694 when
440 3643 609 3706 quaestorhr.
624 3645 664 3700 68,
676 3643 752 3706 5573,
777 3645 864 3706 might
875 3643 907 3693 be
919 3643 1002 3693 killed
1014 3644 1041 3692 in
1054 3645 1102 3693 the
1117 3642 1291 3706 prosecution

242 3717 285 3780 74)
302 3720 331 3769 in
349 3719 393 3782 803
410 3721 439 3770 oi
458 3721 501 3770 hls
518 3721 616 3770 second
634 3721 696 3769 trial
714 3735 755 3770 we
777 3721 806 3769 oi
817 3735 890 3769 some
903 3721 1027 3783 intrigue,
1036 3720 1102 3769 such
1115 3734 1144 3769 as
1153 3720 1214 3769 that
1222 3719 1290 3767 with

241 3795 322 3845 know
333 3797 449 3860 nothing
459 3803 556 3860 except
572 3798 633 3846 that
650 3797 684 3846 he
701 3798 754 3846 had
778 3796 899 3847 Caesar’s
917 3797 987 3845 wife.
1024 3793 1108 3857 quod
1130 3797 1196 3843 erat
1214 3794 1237 3844 is
1254 3807 1291 3843 an

241 3872 271 3923 in
293 3873 336 3924 his
358 3873 435 3925 favor
457 3888 473 3923 a
500 3874 627 3938 majority
650 3874 680 3927 ot
702 3879 756 3928 two
778 3874 910 3936 adiective
933 3871 1023 3924 clause
1047 3869 1183 3934 (welde)
1203 3883 1293 3922 corre-
