2954 4374
537 341 619 393 cnr.
644 343 700 404 3-1,
724 341 737 401 t
760 344 816 394 eo.
1185 333 1248 400 227

149 525 308 604 quentem
341 516 502 593 celeriter,
533 523 572 580 ut
595 515 738 592 vidistis,
762 517 868 604 coegi.
916 516 1032 603 Atque
1063 517 1239 583 interea8

148 623 260 688 statim
278 620 453 686 admonitu
479 619 701 708 Allobrogum
729 620 766 684 C.
784 619 971 706 Sulpicium
997 629 1194 707 praetorem,

148 726 267 792 fortem
300 727 419 802 virum,
444 726 529 802 misi,
553 727 612 810 qui
640 747 681 790 ex
709 724 848 790 aedibus
874 725 1028 812 Cethegi,
1057 727 1086 791 si
1113 727 1197 812 quid

148 830 293 896 telorum
316 838 413 906 esset,
430 828 587 905 efferret3
611 852 652 895 ex
677 829 801 914 quibus
823 831 881 895 ille
910 831 1094 895 maximum
1117 832 1198 897 sica
1219 849 1249 894 ac

40 1017 44 1024 ἢ
148 956 223 999 rum
239 956 416 1000 numerum
431 942 466 999 et
481 934 667 1020 gladiorum
686 934 821 1000 extulit.

191 1057 241 1104 Ν.
273 1038 451 1104 Introduxi
470 1039 686 1103 Volturcium
709 1040 780 1104 sine
806 1039 933 1116 Gallis;
967 1038 1067 1105 fidem
1090 1040 1198 1125 publi·

147 1166 220 1210 cam
250 1145 344 1210 iussu
374 1150 510 1209 senatus
538 1143 638 1219 dedi3
674 1144 826 1209 hortatus
853 1167 938 1234 sum,
966 1153 1005 1209 ut
1031 1167 1079 1222 ea,
1108 1167 1193 1230 quae

147 1251 258 1325 sciret,
268 1250 339 1314 sine
350 1249 467 1313 timore
481 1247 654 1313 indicaret.
700 1247 789 1313 Turn
806 1249 862 1313 ille
876 1248 973 1326 dixit,
991 1271 1069 1314 eum
1085 1251 1143 1314 vix
1159 1272 1194 1315 se

148 1375 190 1418 ex
206 1373 327 1441 magno
344 1353 461 1418 timore
477 1359 666 1428 recreasset,
686 1373 705 1416 a
723 1352 760 1416 P.
780 1352 929 1417 Lentulo
950 1375 985 1419 se
1010 1353 1129 1420 habere
1153 1354 1196 1419 ad

149 1457 330 1523 Catilinam
355 1457 510 1522 mandata
535 1465 570 1522 et
594 1458 733 1534 litterae,
761 1467 801 1523 ut
826 1480 1000 1524 servorum
1032 1458 1197 1544 praesidio
1233 1474 1249 1520 5

148 1570 309 1640 uteretur,
326 1570 366 1627 ut
380 1562 423 1626 ad
440 1562 555 1627 urbem
567 1584 669 1647 quam
685 1564 829 1648 primum
845 1585 922 1628 curu
939 1565 1093 1628 exercitu
1108 1584 1198 1628 acce

148 1665 260 1742 deret3
284 1665 319 1731 id
334 1674 447 1732 autem
463 1688 502 1730 eo
518 1667 667 1743 consilio,
685 1674 734 1743 ut,
752 1689 828 1732 oum
846 1668 961 1733 urbem
980 1690 1023 1732 ex
1042 1667 1195 1734 omnibus

148 1770 307 1856 partibus,
331 1792 432 1856 quem
456 1769 658 1835 admodum
683 1771 883 1857 discriptum
908 1771 1195 1857 distributumque

148 1882 229 1951 erat,
241 1873 469 1940 incendissent
483 1874 685 1960 caedemque
700 1876 868 1941 infinitam
884 1878 1010 1942 civium
1026 1875 1195 1953 fecissent,

147 1985 278 2066 praesto
293 1987 383 2045 esset
399 1980 465 2057 ille,
482 1981 541 2064 qui
565 1988 600 2045 et
624 1978 786 2066 fugientis
811 1983 981 2066 exciperet
1004 1989 1039 2046 et
1061 2003 1096 2046 se
1120 2003 1196 2046 cunr
1222 1997 1250 2041 1o

148 2083 200 2148 his
230 2083 364 2148 urbanis
395 2083 538 2149 ducibus
569 2086 799 2171 coniungeret.
859 2085 1050 2150 introducti
1081 2089 1238 2152 autem9

149 2187 241 2252 Galli
257 2190 309 2254 ius
324 2187 504 2253 iurandum
519 2189 583 2254 sibi
600 2197 635 2254 et
650 2189 781 2254 litteras
798 2190 839 2254 ab
858 2188 1015 2266 Lentulo,
1033 2188 1194 2277 Cethego,

148 2360 212 2412 ‘the
238 2362 368 2425 reproach
390 2363 420 2413 oi
447 2364 581 2412 excesslve
604 2363 663 2412 dili·
683 2362 848 2424 publicam,
879 2363 1049 2426 ‘protection
1080 2377 1116 2412 on
1151 2363 1198 2413 tlte

147 2439 257 2502 gencez’
276 2445 419 2503 pregnant,
439 2453 482 2489 see
500 2453 535 2488 on
553 2440 567 2500 ς
585 2440 660 2489 211.
684 2445 744 2501 part
757 2440 786 2488 of
803 2439 849 2488 the
866 2439 956 2500 state,’
972 2440 1025 2499 i.e.,
1041 2439 1198 2489 Volturcius

148 2513 300 2565 Senatum
326 2513 528 2577 frequentem,
556 2515 587 2564 ‘a
613 2514 662 2564 full
684 2517 781 2565 turned
803 2516 1034 2566 states-evidence.
1081 2515 1196 2565 lucau

147 2591 260 2642 senate)
290 2591 383 2641 Cicero
395 2592 539 2642 elsewhere
551 2591 616 2641 calls
627 2607 663 2642 an
682 2595 824 2641 senatus:
836 2593 949 2642 because
958 2593 1004 2642 the
1015 2592 1108 2641 consul
1118 2592 1197 2643 could

147 2669 309 2719 attendente
332 2668 361 2718 cf
388 2668 436 2721 417
462 2674 584 2719 senators
605 2669 664 2730 sre—
683 2677 731 2719 not
753 2670 788 2719 do
807 2671 862 2720 this
879 2669 970 2720 unle'ss
987 2669 1144 2720 'authorized
1163 2670 1197 2732 by

147 2747 349 2807 caecatissimus.
384 2745 488 2807 coegi:
518 2746 565 2794 the
588 2744 663 2808 place
684 2748 841 2797 thesenate.

147 2821 177 2870 of
189 2823 308 2884 maeting
317 2836 371 2871 was
384 2823 431 2872 the
443 2821 543 2884 temple
553 2823 582 2871 oi
594 2821 663 2872 Con·
715 2823 740 2871 5.
757 2823 906 2872 mandata
934 2827 967 2873 et
994 2823 1130 2873 litteras:
1159 2823 1193 2873 cl.

147 2897 248 2958 cordia,
259 2898 379 2949 between
392 2899 538 2949 tholorum
550 2899 603 2948 and
617 2900 663 2949 the
683 2901 697 2962 ς
713 2901 738 2949 4.
758 2900 797 2961 19,
820 2901 908 2950 where
929 2901 976 2949 the
998 2901 1133 2950 mandata
1150 2913 1196 2949 are

147 2974 256 3038 capitol,
266 2989 311 3025 see
320 2989 345 3038 p.
354 2975 393 3031 75,
403 2976 417 3036 ξ
427 2976 481 3037 103,
491 2975 544 3024 and
553 2974 621 3028 Plan
633 2975 662 3024 B.
682 2976 805 3039 assigned
824 2982 852 3026 to
869 2977 916 3026 the
933 2976 1100 3038 Allobroges.

180 3053 229 3114 §8-
248 3051 293 3109 23,
305 3050 350 3100 24.
369 3049 400 3100 Ο.
419 3049 603 3113 Sulpicium,
614 3057 663 3101 not
715 3052 741 3110 ¹7,
757 3052 783 3101 8
800 3053 841 3110 id.
865 3053 893 3102 in
916 3053 1070 3116 appositicn
1098 3059 1125 3102 to
1149 3053 1197 3101 the

147 3127 291 3178 elsewhere
318 3129 482 3178 mentioned.
519 3127 662 3177 aedibus:
683 3129 827 3179 clauseut.
840 3167 845 3178 .
858 3167 864 3178 .
877 3131 1027 3179 accederet.
1054 3127 1196 3184 consilto,

148 3205 356 3255 lordistinction
368 3205 395 3252 in
405 3205 533 3267 meaning
542 3205 662 3254 between
685 3205 783 3269 ‘plan’
808 3206 914 3256 defined
942 3206 976 3267 by
999 3209 1029 3256 ut
1047 3242 1053 3254 .
1074 3242 1080 3254 .
1101 3241 1107 3254 .
1127 3207 1196 3254 esset

147 3283 216 3344 slng.
231 3282 285 3330 and
302 3281 338 3344 pl.
353 3294 397 3330 see
409 3282 502 3331 vocab.
539 3281 663 3330 Mentlou
685 3281 712 3344 (l.
729 3283 778 3344 10).
818 3281 962 3331 omuibus
979 3280 1130 3344 partibus,
1144 3280 1196 3330 ‘on

147 3364 202 3408 two
223 3359 302 3408 other
324 3357 411 3407 words
431 3357 498 3406 with
521 3358 568 3406 the
590 3371 663 3407 same
683 3359 718 3408 all
730 3358 828 3420 sides3'
843 3359 871 3408 in
882 3358 977 3408 twelve
990 3358 1078 3421 places
1089 3357 1197 3406 accord·

146 3435 314 3500 peculiarlty.
685 3437 731 3499 ing
752 3440 781 3485 to
803 3435 913 3496 Sallust,
937 3448 989 3484 one
1006 3434 1131 3484 hundred
1152 3448 1196 3482 ac-

179 3513 297 3576 Explain
319 3512 367 3562 the
384 3511 571 3575 subjunctivae
588 3513 617 3562 iu
634 3512 661 3562 ll.
684 3512 795 3574 cording
806 3517 835 3561 to
847 3511 983 3562 Plutarch.

149 3589 234 3642 13—17.
716 3588 798 3646 9,1o.
816 3592 889 3646 erat,
902 3603 918 3637 a
930 3587 1036 3637 remark
1049 3588 1077 3636 oi
1092 3587 1194 3649 Cicero,
1205 3645 1207 3648 ¹

685 3672 732 3715 not
744 3671 804 3729 part
821 3667 851 3714 oi
867 3665 940 3714 what
952 3665 1110 3714 Volturcius
1127 3662 1193 3713 said.

179 3743 242 3801 Η
260 3741 460 3792 Volturcium
472 3743 539 3790 aine
552 3741 664 3791 Gallis:
686 3743 717 3791 A.
732 3743 780 3791 336
797 3741 820 3804 b,
834 3756 859 3805 p.
873 3742 932 3802 3723
950 3740 982 3790 G.
1002 3741 1050 3790 630
1068 3739 1098 3788 R.
1118 3741 1144 3802 1;
1157 3739 1193 3790 H.

147 3833 178 3869 so
195 3821 332 3870 witnesses
355 3832 400 3869 are
421 3819 498 3868 often
520 3819 663 3868 examined
681 3819 831 3881 '5242(1);
850 3817 882 3866 B.
894 3817 978 3866 3143.
1013 3813 1064 3876 qul
1091 3849 1097 3862 .
1122 3849 1128 3862 .
1156 3849 1161 3862 .
1187 3850 1193 3862 .

147 3897 298 3960 separately
321 3911 390 3947 now.
434 3895 528 3959 Why?
570 3896 664 3944 fidem
687 3894 847 3954 exciperet,
861 3890 1033 3956 ‘tocutoit’
