2936 4376
196 363 210 381 .
234 312 297 376 320
586 325 657 374 rno
678 325 707 373 r.
733 324 854 375 sunna
877 321 1024 375 ons'rro.

285 496 358 562 aliis
391 496 498 559 multa
529 495 699 581 cogitavit.
763 495 855 559 ‘Cur
885 495 1002 560 dixisti
1034 489 1267 562 testimonium
1297 497 1333 560 in

236 618 264 662 ro
285 599 408 666 alios?’
434 599 524 678 Quia
540 606 675 664 coactus
691 621 777 664 sum.
814 599 906 664 ‘Cur
921 599 1070 664 damnati
1085 600 1210 666 sunt?’
1243 600 1334 680 Quia

287 703 452 769 creditum
484 711 544 768 est.
592 704 768 790 ‘Regnum
802 712 854 769 est
884 702 1004 788 dicere,
1037 705 1072 767 in
1106 726 1207 790 quem
1237 706 1332 782 velie,

288 805 542 896 etkdefendere,
575 828 676 894 quern
706 808 812 874 velis?
874 808 980 900 Immo
1012 811 1156 875 servitus
1187 817 1333 874 estnon

287 914 406 990 dicere,
430 915 465 977 in
488 935 588 998 quern
618 914 712 990 velis,
741 923 775 978 et
800 935 867 978 non
890 913 1079 990 defendere,
1108 936 1209 1000 quem
1237 916 1332 980 velis.

287 1021 339 1110 .A⁰
369 1019 398 1082 si
428 1018 635 1083 considerare
667 1019 824 1102 coeperis,
857 1026 970 1082 utrum
1009 1020 1114 1105 magis
1151 1019 1233 1082 mihi
1269 1020 1332 1086 hoo

235 1142 262 1186 15
285 1145 418 1190 necesse
435 1122 539 1188 fuerit
561 1122 669 1188 facere
686 1145 729 1186 an
753 1121 846 1187 istud
869 1122 939 1198 tibi,
957 1123 1134 1209 intelleges
1158 1123 1332 1190 honestius

287 1236 319 1293 te
348 1227 599 1290 inimicitiarum
628 1226 764 1291 modum
790 1234 939 1292 statuere
968 1229 1119 1312 potuisse
1147 1249 1249 1312 quarn
1279 1251 1332 1294 me

233 1335 273 1400 49
285 1332 515 1396 humanitatis.
563 1331 613 1396 At
638 1353 727 1408 vero,
756 1325 833 1396 cum
863 1331 968 1396 honos
999 1331 1160 1418 agebatur
1186 1330 1331 1399 familiae

239 1483 254 1521 ,-
286 1444 415 1502 vestrae
443 1436 677 1520 amplissimus„
702 1436 764 1501 hoc
795 1442 847 1502 est
874 1436 1071 1502 consulatus
1096 1437 1243 1520 parentis
1268 1439 1332 1516 tui,

234 1663 262 1708 ac
285 1654 380 1731 pater
406 1654 496 1722 tuus,
522 1666 599 1708 cum
621 1644 750 1710 Sullam
775 1654 810 1711 et
834 1644 1053 1711 defenderent
1080 1653 1114 1710 et
1138 1645 1331 1724 laudarent3

286 1748 505 1836 intellegebat
520 1749 605 1814 hano
622 1750 715 1814 nobis
729 1772 748 1814 a
764 1751 943 1815 maioribus
960 1771 1031 1816 esse
1055 1749 1211 1815 traditam
1237 1750 1333 1816 disci·

286 1855 421 1941 plinam,
453 1860 493 1918 ut
524 1853 650 1919 nullius
681 1854 827 1920 amicitia
858 1854 900 1918 ad
933 1855 1083 1938 pericula
1106 1855 1333 1939 propulsanda

285 1957 534 2044 impediremur.
580 1958 627 2024 Et
641 1967 713 2024 erat
728 1958 806 2022 hnic
824 1957 948 2022 iudicio
970 1959 1070 2044 longe
1087 1958 1257 2023 dissimilis
1272 1960 1333 2025 illa

285 2064 466 2130 contentio.
528 2063 618 2127 Tum
649 2061 782 2127 adflicto
816 2062 854 2125 Ρ.
887 2061 982 2127 Sulla
1012 2064 1206 2127 consulatus
1236 2063 1332 2130 vobis

232 2185 263 2232 aa
284 2169 483 2255 pariebatur,
506 2169 606 2232 sicuti
634 2174 750 2251 partus
778 2175 847 2242 est3
880 2167 1015 2232 honoris
1041 2176 1112 2232 erat
1143 2175 1331 2244 certamen3

285 2282 437 2360 ereptum
454 2280 604 2358 repetere
621 2294 681 2338 vos
699 2272 929 2350 clamitabatis,
947 2281 987 2336 nt
1002 2273 1082 2337 victi
1099 2273 1134 2335 in
1156 2294 1272 2357 campo
1296 2274 1332 2337 in

285 2378 358 2443 foro
385 2378 584 2452 vinceretis3
608 2384 680 2441 tum
706 2378 765 2461 qui
789 2384 905 2441 contra
932 2399 991 2442 vos
1014 2399 1073 2462 pro
1098 2377 1198 2442 huius
1222 2378 1331 2442 salute

285 2477 491 2565 pugnabant,
509 2478 702 2542 amicissimi
718 2479 831 2554 vestri,
850 2478 973 2562 quibus
998 2499 1064 2542 non
1088 2477 1329 2555 irascebamini,

283 2733 357 2770 more
377 2720 475 2782 abrupt
495 2719 529 2781 by
548 2719 658 2781 putting
678 2719 708 2780 it,
727 2733 758 2768 as
775 2719 796 2767 it
819 2717 901 2768 lative
920 2718 1001 2779 (Mur.
1020 2718 1135 2782 45.11);
1151 2733 1181 2770 so
1199 2720 1332 2770 amicissi-

283 2810 361 2858 were,
372 2795 400 2845 in
411 2795 460 2844 the
470 2794 566 2844 mouth
577 2794 606 2843 of
618 2795 663 2843 the
673 2794 793 2856 speaker.
818 2796 864 2855 mi,
875 2793 892 2844 l.
907 2796 945 2844 28.
977 2794 1188 2852 defenderent,
1201 2809 1230 2844 as
1250 2796 1332 2845 adoc-

314 2870 416 2920 11-16.
434 2869 634 2920 creditum
661 2872 724 2918 est:
757 2873 793 2918 sc.
819 2873 875 2920 coti
894 2873 1065 2932 orpctrom'.
1110 2870 1280 2928 laudarent,
1300 2885 1331 2920 as

282 2949 357 2998 mibi.
392 2947 534 3009 Regnum
556 2950 613 3003 est,
636 2952 698 3008 etc,
719 2945 796 2995 ‘itis
819 2948 985 3007 laudatores,
1006 2947 1160 2996 ‘witnesses
1177 2952 1206 2997 to
1222 2949 1331 2996 charae-

283 3029 399 3086 tyranny
409 3033 446 3085 to,
457 3028 507 3072 etc.
516 3021 537 3082 ς’
551 3035 568 3070 a
579 3022 676 3084 charge
688 3021 794 3083 already
818 3022 877 3084 ter,'
891 3024 956 3072 Erre.
970 3022 1008 3070 11.
1023 3023 1087 3083 §14¹
1124 3021 1330 3084 disciplinam,

283 3100 421 3148 answered
434 3104 462 3148 at
474 3099 567 3161 length
580 3099 608 3147 in
621 3099 635 3159 ᾗ
647 3100 677 3146 21
690 3097 709 3146 f.
739 3097 795 3145 ini·
819 3097 958 3160 ‘oust0m,'
972 3099 1048 3149 often
1068 3099 1161 3160 joined
1173 3099 1239 3149 with
1252 3101 1331 3149 iasti-

283 3174 478 3223 micitiarum.
524 3173 616 3224 Cicero
644 3179 795 3235 represents
818 3178 878 3224 tuto
890 3175 944 3224 and
957 3188 1051 3225 morea
1070 3174 1199 3223 nullius:
1217 3175 1331 3224 iorsub-

284 3251 438 3313 Torquatus
449 3265 479 3300 as
490 3251 662 3313 prosecuting
674 3249 749 3300 Sulla
765 3263 795 3298 as
816 3253 933 3300 stantive
946 3265 992 3300 use
1003 3265 1048 3301 see
1059 3266 1095 3301 on
1107 3251 1177 3301 Mur.
1191 3251 1237 3300 87.
1249 3253 1288 3300 22.

283 3342 318 3376 an
330 3329 460 3378 inimicus
473 3326 518 3387 (of.
534 3328 599 3389 §44-
612 3327 725 3387 22)‚not
738 3340 795 3376 asa
848 3326 949 3376 25-30.
982 3326 1168 3388 pariebatur,
1204 3328 1330 3377 conative

283 3405 376 3455 hostis.
412 3404 464 3454 For
475 3403 575 3454 Sulla’s
587 3404 715 3453 relations
728 3402 794 3451 with
817 3403 958 3466 imperfect
977 3404 1029 3462 (see
1046 3417 1080 3452 on
1100 3403 1121 3452 1.
1135 3400 1181 3450 1³.
1198 3401 1251 3463 34),
1264 3407 1328 3452 turn

283 3481 329 3539 the
356 3480 429 3531 elder
458 3481 612 3543 Torquatus
634 3493 677 3530 see
701 3493 727 3542 p.
753 3480 793 3540 23,
818 3479 875 3527 into
893 3479 989 3527 active.
1025 3478 1122 3526 sicuti
1139 3480 1248 3540 partu·
1266 3481 1330 3527 est:

284 3557 359 3619 §303
375 3556 442 3607 with
453 3557 500 3605 the
512 3569 682 3618 youngersee
694 3569 729 3603 on
743 3555 757 3615 ᾗ
769 3556 791 3602 2.
818 3559 899 3602 trans.
920 3567 950 3602 as
973 3552 1115 3615 suggested
1140 3553 1168 3600 in
1192 3552 1205 3613 ᾖ
1226 3552 1265 3601 28.
1286 3552 1327 3602 35.

284 3633 322 3685 17.
816 3630 848 3677 in
868 3641 980 3692 campo
998 3628 1031 3677 in
1047 3628 1132 3678 foro:
1156 3627 1264 3691 explain
1282 3630 1330 3679 the

316 3708 380 3768 §aa
400 3706 501 3756 17-22.
520 3705 758 3768 agebatur,‘was
767 3711 795 3754 at
817 3704 895 3752 order
916 3705 945 3752 oi
969 3704 1055 3753 words
1080 3703 1133 3752 and
1157 3708 1278 3752 contrast
1299 3704 1331 3752 of

284 3784 380 3833 stake’
415 3783 680 3832 familiarissimis:
707 3784 795 3831 notice
819 3781 898 3830 ideas.
933 3781 1053 3841 integro
1072 3780 1181 3837 officio,
1197 3780 1330 3829 ‘without

284 3860 331 3916 the
348 3861 516 3915 substantive
533 3873 582 3912 use
594 3859 622 3910 oi
640 3860 687 3910 the
704 3872 795 3924 super·
817 3871 835 3906 a
846 3858 943 3908 breaclr
955 3858 985 3907 oi
996 3857 1162 3922 obligation’
