2876 4378
406 308 410 316 ’
448 338 529 394 cnr.
552 342 640 405 aare,
664 341 678 405 s
701 339 787 395 vcro.
1119 323 1181 392 601

85 506 274 597 liberosque
290 519 420 578 vestros
446 513 537 578 inre
561 512 694 597 publica
717 513 802 578 bona
826 535 897 579 esse
921 513 1071 588 visuros;
1094 513 1130 577 in

85 617 126 680 iis
156 617 299 702 singulis
327 619 374 680 ita
401 638 531 702 semper
557 617 803 694 existimabitis,
834 619 913 683 vivo
941 617 979 680 P.
1013 616 1131 682 Clodio
1154 631 1183 676 35

84 719 171 784 nihil
188 742 303 786 eorum
319 742 378 785 vos
395 721 525 786 visuros
541 721 655 785 fuisse.
703 721 744 784 In
767 744 860 806 spem
884 721 1062 785 maximam
1085 727 1130 796 et,

84 846 187 908 quem
213 825 257 889 ad
283 824 421 888 modum
448 825 590 901 confide,
618 827 824 890 verissimam
850 847 966 890 sumus
992 824 1130 890 adducti

83 928 175 993 hunc
191 930 302 1013 ipsum
317 951 443 993 annum
459 929 521 994 hoc
537 931 609 1014 ipso
632 951 762 993 summo
785 931 858 996 viro
876 930 1019 994 consule
1044 950 1129 994 com·
1154 989 1156 994 .

84 1055 198 1117 pressa
208 1035 381 1098 hominum
396 1034 543 1110 lieentia,
556 1033 798 1118 cupiditatibus
812 1033 937 1109 fractis,
951 1032 1082 1119 legibus
1096 1041 1131 1097 et

84 1137 220 1202 iudiciis
236 1139 635 1204 constitutis'salutarem
658 1139 788 1204 civitati
813 1138 893 1203 fore.
940 1137 1032 1200 Num
1054 1139 1130 1222 quis
1153 1153 1184 1198 40

84 1249 138 1306 est
152 1242 257 1328 igitur
270 1249 338 1306 tam
350 1242 495 1318 demens,
509 1243 569 1327 qui
582 1242 643 1306 hoc
660 1241 698 1306 P.
711 1241 830 1306 Clodio
843 1243 921 1306 vivo
934 1243 1129 1328 contingere

84 1348 234 1431 potuisse
262 1347 464 1412 arbitretur?
509 1346 625 1426 Quid?
660 1368 709 1423 ea,
738 1368 823 1432 quae
855 1347 977 1410 tenetis
999 1347 1130 1430 privata

83 1457 187 1535 atque
225 1458 345 1527 vestra,
385 1451 577 1516 dominante
614 1450 749 1516 homine
781 1450 908 1514 furioso
947 1449 1039 1534 quod
1076 1450 1129 1514 ius

83 1563 266 1640 perpetuae
282 1556 500 1639 possessionis
516 1554 636 1621 habere
652 1555 867 1639 potuissent?

127 1676 236 1722 xxix.
268 1658 344 1724 Non
378 1660 491 1736 timeo,
518 1658 655 1736 iudices,
690 1682 732 1724 ne
766 1659 843 1724 odio
881 1659 1130 1725 inimicitiarum

83 1785 234 1846 mearum
258 1761 485 1827 inflammatus
507 1763 682 1828 lubentius
706 1764 787 1828 haec
811 1765 844 1826 in
863 1763 960 1827 illum
976 1785 1129 1828 evomere

83 1867 199 1932 videar
214 1888 316 1952 quam
332 1868 455 1932 verius.
501 1867 646 1943 Etenim,
663 1868 692 1931 si
715 1868 931 1951 praecipuum
947 1888 1019 1932 esse
1036 1866 1130 1932 debe-

82 1971 150 2047 bat,
169 1980 279 2036 tamen
295 1973 343 2036 ita
359 1973 543 2036 communis
561 1979 631 2036 erat
647 1973 794 2036 omnium
819 1972 875 2035 ille
899 1971 1014 2047 hostis,
1032 1978 1072 2035 ut
1093 1973 1129 2035 in

82 2079 252 2141 communi
269 2077 345 2141 odio
358 2099 461 2161 paene
478 2078 664 2162 aequaliter
676 2081 866 2142 versaretur
881 2075 994 2140 odium
1008 2096 1129 2139 meum.
1153 2091 1168 2136 a
1258 2147 1260 2152 ¹

83 2181 160 2246 Non
191 2188 303 2265 potest
332 2180 399 2244 dici
429 2182 520 2257 satis,
547 2203 588 2245 ne
621 2182 761 2268 cogitari
789 2179 937 2264 quidem,
963 2188 1127 2263 quantum

81 2287 117 2348 in
134 2287 192 2349 illo
208 2286 352 2361 sceleris,
370 2293 537 2370 quantum
558 2285 655 2350 exitii
678 2284 792 2349 fuerit.
840 2284 932 2364 Quin
955 2285 1002 2348 sic
1026 2286 1182 2349 atten-'79

82 2390 162 2464 dite,
190 2388 328 2454 iudices.
390 2389 517 2473 Nempe
549 2389 629 2454 haee
661 2394 713 2454 est
743 2388 895 2473 quaestio
922 2387 963 2452 de
987 2389 1130 2452 interitu

82 2495 121 2560 P.
140 2493 250 2558 Clodi.
298 2493 436 2579 Fingite¹
461 2493 580 2557 animis
601 2493 743 2578 (liberae
771 2500 853 2557 sunt
879 2493 967 2557 enim
996 2491 1128 2556 nostrae

80 2598 307 2685 cogitationes
327 2605 370 2674 et,
388 2619 474 2681 quae
498 2598 629 2675 volunt,
649 2598 698 2663 sic
726 2600 912 2672 intuentur,
937 2603 977 2660 ut
1003 2617 1042 2660 ea
1064 2617 1131 2661 cer·
1154 2611 1183 2656 10

1013 2728 1133 2736 --—-·-·-

115 2793 180 2856 §ib
199 2792 245 2842 38.
263 2792 332 2841 viro
351 2793 488 2842 consule.
514 2795 594 2842 Pom·
620 2799 714 2855 treme,
734 2793 789 2843 still
811 2794 846 2842 he
864 2806 919 2842 was
937 2806 967 2842 so
984 2791 1066 2842 much
1084 2793 1154 2840 the‘

82 2872 158 2935 peius
170 2869 224 2918 had
236 2870 304 2918 been
322 2869 424 2918 elected
444 2869 515 2919 ‘sole
531 2884 595 2918 con·
620 2884 715 2932 enemy
728 2870 756 2918 of
774 2869 810 2917 all
822 2869 893 2917 alilre
913 2868 973 2916 that
992 2868 1013 2915 it
1031 2869 1131 2929 ranged

82 2946 142 3008 sul,'
162 2945 317 3008 something
335 2946 452 2995 without
470 2960 487 2994 a
505 2960 594 3008 prece-
619 2950 708 3007 pretty
720 2945 802 2994 much
814 2959 888 3007 upon
900 2944 947 2994 the
958 2943 1028 2994 level
1038 2944 1068 2993 of
1084 2945 1131 2993 the

82 3025 156 3085 dent,
175 3023 229 3071 and
248 3021 390 3086 involving
408 3037 424 3072 a
444 3023 593 3072 contradic·
619 3023 726 3084 general
734 3021 849 3070 hatred.'
875 3021 962 3070 Forsl
973 3056 979 3068 .
991 3057 996 3068 .
1009 3055 1014 3068 .
1026 3023 1132 3069 tamen

82 3101 140 3149 tion
162 3098 192 3149 oi
215 3103 306 3160 terms,
332 3113 362 3148 as
383 3098 478 3148 consul
501 3113 594 3149 means
619 3098 815 3150 cf.111.7.18.

84 3175 252 3238 ‘colleague'
652 3174 725 3237 579.
748 3174 829 3224 7-10.
858 3173 939 3234 Quin
968 3173 1130 3230 attendite,

622 3250 721 3315 ‘Whyi
745 3251 822 3301 Look
844 3254 873 3300 at
894 3250 917 3300 it
938 3251 1022 3300 thus!
1064 3250 1132 3300 This

114 3328 175 3376 1-4.
194 3327 269 3376 odio
284 3327 533 3381 inimicitiarum:
550 3341 594 3378 see
621 3343 667 3379 use
687 3329 716 3379 oi
732 3330 798 3391 quia
822 3325 863 3389 (=
879 3327 957 3388 ‘why
979 3326 1083 3386 notP')
1102 3332 1131 3376 to

83 3419 118 3456 on
130 3405 201 3454 Mur.
215 3403 261 3452 56.
275 3405 313 3454 18.
349 3405 409 3454 The
420 3405 493 3454 word
505 3406 595 3455 inimi·
620 3405 779 3468 strengthen
796 3417 831 3453 an
850 3403 1009 3466 imperative
1029 3403 1051 3452 is
1072 3416 1131 3452 rare

84 3483 165 3548 citiue
177 3482 200 3530 is
212 3485 261 3530 not
272 3481 358 3530 found
372 3481 400 3529 in
412 3481 459 3530 the
475 3481 595 3544 singular
621 3483 648 3530 in
671 3483 718 3531 the
741 3481 869 3531 orations.
910 3478 1027 3528 liberae
1050 3482 1130 3536 sunt,

83 3560 110 3607 in
134 3557 253 3607 Cicero’s
270 3558 399 3607 orations.
434 3556 594 3606 lubentius
619 3564 681 3620 etc,
697 3559 764 3608 ‘our
780 3558 912 3621 thoughts
929 3570 975 3605 are
998 3556 1063 3616 free,
1076 3556 1130 3605 and

83 3646 175 3696 quam
200 3633 320 3682 verius:
349 3634 393 3683 ior
422 3633 468 3682 the
497 3633 593 3684 double
620 3636 687 3684 view
710 3649 740 3684 as
762 3634 865 3697 plainly
883 3635 930 3682 the
948 3633 1041 3694 things
1066 3632 1131 3694 they

83 3711 272 3774 comparative,
292 3710 319 3760 A
339 3711 399 3772 1923
423 3709 455 3758 G.
477 3709 537 3772 3143
556 3711 590 3760 H.
620 3712 687 3761 wish
699 3725 729 3760 as
742 3708 1016 3772 wcdistinguishthe
1028 3707 1131 3770 objects

82 3788 163 3838 4442.
197 3787 226 3836 ai
243 3787 526 3848 praecipuumece,
542 3785 594 3836 ‘al-
620 3789 707 3837 which
719 3802 760 3837 we
771 3787 833 3837 see’
869 3785 1024 3836 cernimus
1038 3798 1131 3834 means

82 3865 186 3930 though
197 3878 243 3928 my
254 3863 351 3916 hatred
362 3863 532 3926 oughitobe
549 3878 594 3914 ex·
621 3864 801 3928 ‘distinguish
835 3864 870 3928 by
903 3863 951 3914 the
987 3859 1128 3926 cyesight‚’
1161 3909 1164 3914 .
