2936 4376
248 308 313 374 322
585 317 656 368 eno
681 318 712 366 e.
736 315 860 367 sunna
883 312 1032 364 oaarro.

299 490 503 578 susceperit!
550 489 616 554 Sed
643 487 726 575 quid
753 495 807 552 est
832 486 978 561 tandem,
1006 483 1098 571 quod
1129 483 1256 548 indicat
1285 503 1345 570 per

301 599 404 663 istum
420 616 561 682 puerum
579 593 781 658 Cornelius?
826 589 861 655 Si
885 598 999 656 vetera
1022 589 1103 652 mihi
1127 589 1245 675 ignota
1267 609 1283 652 o
1303 609 1344 654 nn

303 701 486 766 Hortensio
510 699 764 773 communicata,
781 694 955 780 respondit
978 694 1202 768 Hortensius3
1226 692 1286 771 sin,
1307 698 1345 754 ut

300 809 358 883 ais,
375 805 473 868 illum
488 809 647 868 conatum
665 800 811 865 Autroni
826 806 862 864 et
881 798 1056 874 Catilinae,
1070 819 1147 860 oum
1169 797 1205 859 in
1229 816 1345 880 oanvtpo

247 928 277 974 ao
298 908 529 976 consularibus
556 907 711 982 comitiis,
728 927 813 991 quae
841 925 863 968 a·
888 924 938 968 me
968 902 1081 966 habita
1103 908 1193 977 suut,
1210 899 1352 966 eaedem,

300 1015 407 1080 iacere
434 1014 628 1087 voluerunt,
654 1011 861 1074 Autronium
888 1015 961 1072 tum
987 1008 1022 1071 in
1047 1027 1165 1091 campo
1188 1003 1278 1071 vidiri
1287 1027 1345 1080 ⁴uS,

299 1118 360 1184 sed
384 1117 468 1203 quid
491 1116 563 1180 dixi
586 1114 710 1180 vidisse
727 1113 819 1178 nos?
850 1134 912 1198 ego
935 1104 1026 1188 vidi3
1057 1133 1117 1176 vos
1141 1111 1232 1176 eninr
1258 1115 1344 1184 tun,

215 1216 216 1219 ¹
302 1222 441 1298 iudices,
472 1221 556 1283 nihil
594 1217 793 1283 laborabatis
833 1237 942 1301 neque
981 1207 1250 1300 suspicabamini,
1280 1235 1345 1299 ogo

302 1335 412 1393 tectus
454 1324 618 1411 praesidio
649 1323 743 1386 firmo
773 1322 955 1387 amicorum
994 1320 1160 1385 Catilinae
1199 1326 1264 1386 tun-
1310 1325 1347 1382 et

247 1435 288 1500 52
299 1430 447 1496 Autroni
471 1431 583 1514 copias
609 1435 644 1493 et
673 1433 832 1492 conatum
862 1427 1015 1511 repressi.
1062 1423 1154 1488 Num
1185 1423 1261 1508 quis
1292 1431 1352 1487 est.

247 1552 277 1598 ao
298 1537 413 1624 igitur,
442 1536 501 1620 qui
529 1541 603 1599 tum
630 1533 721 1598 dicat
747 1533 782 1595 in
809 1553 964 1616 campum
998 1531 1159 1615 aspirasse
1191 1527 1344 1596 Sullam?

300 1641 421 1726 Atqui,
437 1640 466 1704 si
494 1646 567 1704 tum
595 1660 630 1703 se
653 1659 729 1702 oum
753 1636 903 1701 Catilina
928 1636 1089 1701 societate
1113 1632 1249 1699 sceleris
1270 1653 1347 1696 oon·

300 1745 466 1820 iunxerat,
483 1765 543 1808 eur
559 1743 601 1807 ab
622 1763 661 1807 eo
684 1740 886 1816 discedebat,
903 1761 964 1804 cur
985 1761 1062 1804 oum
1085 1737 1255 1802 Autronio
1277 1757 1345 1800 non

300 1857 381 1925 erat,
398 1848 508 1912 curin
524 1847 595 1931 pari
611 1867 797 1910 causanon
819 1845 912 1929 paria
934 1843 1030 1929 signa
1053 1842 1203 1908 oriminis
1227 1841 1347 1926 raperi-

247 1964 278 2010 30
299 1951 428 2016 untur?
472 1949 538 2015 Sed
569 1951 729 2036 quoniam
757 1949 933 2013 Cornelius
961 1948 1031 2031 ipse
1058 1948 1158 2012 etiam
1186 1966 1276 2010 nunc
1303 1944 1346 2010 de

300 2055 478 2121 indicando
495 2042 639 2130 dubitat,
656 2063 696 2118 ut
712 2054 833 2128 dicitis,
850 2051 1010 2116 informat
1024 2051 1067 2116 ad
1086 2052 1149 2115 hoc
1172 2049 1347 2118 adumbra-

301 2170 374 2227 tum
396 2160 557 2224 indicium
581 2159 698 2234 filiurn,
723 2157 806 2242 quid
829 2155 964 2220 tandem
988 2155 1029 2221 de
1052 2156 1109 2219 illa
1131 2162 1229 2219 nocte
1252 2153 1345 2229 dicit,

329 2330 529 2391 16‚1⁷.quid
552 2332 608 2387 est,
627 2329 712 2391 quod
731 2328 808 2377 indi·
830 2328 987 2377 sularibus
1021 2315 1166 2384 comitiis.
1200 2327 1268 2390 fully
1301 2327 1346 2376 de-

290 2397 365 2457 bat:
387 2407 422 2456 ct.
442 2407 509 2467 qaid
533 2408 573 2454 eat
593 2406 666 2466 quod
688 2408 806 2466 expetas,
831 2406 933 2454 scribed
954 2406 983 2454 in
1002 2405 1072 2454 Mur.
1094 2405 1162 2465 §52
1181 2419 1224 2454 see
1244 2405 1301 2454 also
1319 2404 1342 2453 1.

299 2485 313 2546 ᾖ
333 2484 372 2532 50.
395 2484 419 2543 2,
441 2482 494 2531 and
513 2488 577 2531 note
596 2483 642 2531 the
664 2482 808 2531 differenee
831 2481 1120 2543 §11a11dp.29,§44.
1156 2482 1345 2530 Autronium

298 2559 327 2607 in
349 2557 437 2607 rnood.
485 2557 517 2605 ln
546 2557 592 2606 the
620 2557 720 2606 former
740 2556 806 2619 (ind.
830 2557 1012 2616 vidimus,
1032 2559 1080 2608 the
1102 2559 1228 2622 spodosis
1250 2565 1278 2608 to
1301 2561 1345 2608 eta
1382 2609 1385 2614 ,

299 2634 390 2696 ruood)
403 2648 443 2683 we
455 2634 686 2695 haveaquestion
699 2633 808 2683 abouta
832 2633 859 2697 (l.
887 2634 941 2698 lsi:
964 2642 1041 2686 there
1064 2637 1086 2686 is
1108 2649 1124 2685 a
1146 2636 1229 2698 slight
1251 2635 1345 2696 ellipse

297 2713 362 2772 fact,
384 2710 467 2760 asked
488 2711 530 2760 ior
547 2711 734 2772 information,
755 2711 808 2759 and
832 2709 877 2772 (cf.
897 2712 911 2774 ξ
928 2715 968 2763 22.
992 2714 1044 2776 22),
1071 2713 1100 2762 ‘1
1122 2713 1167 2762 tell
1191 2726 1244 2774 you
1267 2712 1355 2761 this’a

298 2787 435 2838 answered
459 2789 486 2837 in
509 2788 523 2849 δ
545 2787 584 2836 54.
611 2788 664 2835 l5i
676 2801 683 2849 ς
712 2789 738 2836 in
763 2788 808 2837 the
831 2788 907 2849 quid
930 2790 1004 2847 uixi,
1027 2790 1073 2839 the
1095 2788 1238 2838 rhetorical
1260 2787 1344 2851 figure

297 2865 377 2914 latter
388 2864 469 2926 (subi.
481 2863 572 2925 mood)
584 2864 726 2913 weiravea
737 2864 809 2914 chal·
831 2865 916 2930 called
940 2867 1080 2918 eorrectio,
1123 2863 1199 2912 nihil
1222 2862 1346 2912 labora·

297 2939 374 3002 lenge
383 2940 475 2988 rather
481 2939 547 2987 than
557 2953 573 2986 a
582 2940 716 3001 question,
726 2940 808 2990 asked
831 2941 921 2998 batis,
936 2940 1001 2990 'felt
1012 2955 1048 2990 no
1062 2940 1198 3003 anxiety:’
1220 2941 1262 2990 ior
1274 2941 1344 2991 nibil

297 3017 397 3080 merely
417 3018 461 3066 for
483 3017 624 3067 rhetorical
647 3018 735 3079 effect,
755 3020 807 3068 and
831 3018 866 3066 ci.
886 3016 1047 3066 111.2⁷.11.

298 3093 429 3156 implying
446 3093 506 3141 that
524 3107 560 3140 no
577 3107 680 3142 answer
692 3095 714 3142 is
726 3096 808 3156 possi·
863 3093 877 3155 ἓ
888 3094 927 3142 52.
946 3092 1046 3144 26-32.
1062 3093 1095 3142 in
1106 3105 1251 3156 campum
1263 3094 1344 3156 aspi-

297 3169 348 3221 ble.
384 3170 433 3218 We
445 3170 513 3218 have
526 3169 572 3217 the
584 3170 808 3220 sarnediiference
830 3182 923 3227 rasse,
954 3169 1044 3219 ‘carne
1068 3184 1141 3232 upon
1169 3172 1215 3220 the
1246 3171 1341 3233 plain’

298 3247 327 3295 in
349 3247 489 3308 questions
512 3245 626 3294 without
648 3261 664 3294 a
687 3246 808 3296 relative:
832 3246 864 3294 ln
877 3246 1002 3308 negative
1010 3250 1150 3296 sentences
1162 3245 1256 3296 Cicero
1265 3247 1342 3296 often

297 3336 342 3372 see
353 3336 388 3371 on
400 3322 448 3372 IV.
460 3319 505 3369 16.
514 3322 615 3382 i‚quid
625 3335 806 3374 cominemoro.
832 3335 891 3370 uses
913 3324 1047 3384 aspirare,
1071 3321 1123 3382 lit,
1158 3323 1201 3372 ‘to
1231 3323 1343 3374 breathe

297 3410 434 3461 puerum,
457 3403 667 3459 conternptuous
685 3399 727 3448 ior
742 3401 809 3450 adu·
831 3401 952 3455 toward!
966 3399 992 3447 in
1006 3399 1053 3448 the
1064 3413 1142 3448 sense
1154 3400 1183 3448 oi
1195 3399 1343 3450 accedere:

298 3473 460 3523 lescentem:
476 3473 521 3521 the
533 3486 582 3535 age
595 3473 623 3521 of
636 3473 774 3524 Cornelius
787 3475 809 3525 is
832 3475 852 3523 it
875 3476 897 3524 is
918 3475 1045 3537 probably
1068 3489 1084 3524 a
1107 3475 1248 3538 metaphor
1264 3477 1342 3536 ,from

297 3553 345 3597 not
357 3548 466 3596 known.
503 3551 617 3604 vetera,
627 3548 673 3597 the
683 3547 738 3598 first
747 3563 810 3599 con·
832 3552 877 3599 the
888 3553 1011 3601 cautious
1022 3553 1158 3614 approach
1170 3553 1199 3601 of
1215 3553 1340 3602 arrimals.

296 3622 626 3685 spiraey:see§12.isf.
830 3627 917 3688 signa
945 3627 1089 3686 oriminis,
1118 3635 1166 3678 not
1196 3628 1285 3690 ‘signs
1312 3630 1344 3679 oi

327 3697 429 3747 19-23.
441 3699 529 3747 illum
546 3703 702 3756 conatum,
720 3701 808 3762 object
831 3705 940 3752 crime:‘
959 3717 1002 3753 see
1017 3719 1051 3752 on
1069 3702 1116 3760 §h
1131 3705 1170 3766 36,
1184 3705 1233 3754 but
1250 3707 1344 3756 rather

296 3776 327 3825 oi
345 3775 493 3838 iudicatu.
508 3776 559 3836 16),
574 3776 808 3827 asisalsooetero
833 3778 974 3828 ‘evidence
991 3779 1034 3829 for
1050 3794 1067 3828 a
1086 3781 1203 3844 charge,'
1224 3780 1344 3832 ‘indica-

296 3851 395 3916 ebove3
410 3852 497 3916 illum,
507 3866 537 3902 as
549 3852 577 3901 in
588 3853 601 3914 ξ
611 3852 650 3901 23.
661 3852 700 3902 35.
735 3863 808 3902 oon·
831 3852 903 3904 tions
913 3868 949 3903 on
963 3853 1051 3904 which
1067 3859 1096 3905 to
1112 3856 1203 3906 bases
1220 3857 1340 3922 charge!
