2936 4376
492 305 572 356 cnr.
598 307 638 366 31,
663 307 677 368 i
699 305 788 357 stes.
1148 292 1212 356 349
1317 373 1321 380 ι

109 476 220 541 iorum
246 477 420 563 imagines,
445 477 516 561 ipse
540 483 695 541 ornatum
726 497 764 542 ac
788 476 949 542 vestitum
980 476 1160 560 pristinum
1182 491 1213 537 ao

109 580 330 666 recuperabit.
378 580 510 656 Omnia,
534 579 671 655 iudices,
695 579 775 646 hacc
800 581 920 646 amissa
934 589 1025 656 sunt,
1049 581 1160 644 omnia

109 687 254 772 generis,
286 686 440 762 nominis,
472 684 605 750 honoris
644 685 789 770 iusignia
826 692 927 770 atque
966 691 1160 750 ornamenta

110 791 213 854 unius
237 789 353 854 iudicii
376 789 564 856 calamitate
588 788 791 854 oeciderunt.
838 788 905 854 Sed
927 811 968 854 ne
992 789 1161 854 extinctor

109 895 248 979 patriae,
280 914 321 958 ne
360 892 518 978 proditor,
553 915 594 957 ne
622 893 727 957 hostis
763 893 962 978 appelletur,
994 915 1036 958 ne
1075 891 1160 958 hanc

110 997 220 1062 labem
250 999 336 1061 tanti
366 997 501 1062 sceleris
535 999 569 1060 in
594 995 721 1061 familia
745 998 925 1082 relinquat,
957 995 993 1061 id
1023 996 1160 1073 laborat,
1184 1013 1213 1059 at

110 1101 147 1165 id
163 1103 293 1178 metuit,
310 1123 351 1166 ne
375 1101 520 1186 denique
544 1101 597 1166 hio
622 1102 721 1166 miser
745 1102 910 1168 coniurati
938 1109 973 1166 et
997 1101 1161 1166 conscele-

110 1207 176 1272 rati
192 1215 227 1272 ct
242 1206 420 1292 proditoris
445 1206 535 1272 filius
559 1207 771 1282 nominetur3
796 1206 875 1270 huic
895 1227 1008 1291 puero,
1026 1206 1085 1290 qui
1108 1213 1161 1270 est

111 1312 143 1376 ei
168 1312 239 1377 vita
265 1333 326 1376 sua
350 1312 458 1376 multo
484 1312 599 1388 carior,
623 1311 754 1387 metuit,
772 1311 827 1376 cui
852 1310 986 1375 honoris
1012 1311 1159 1396 integros

111 1415 243 1481 fructus
274 1437 342 1482 non
371 1417 417 1481 sit
450 1415 646 1492 traditurus,
679 1436 721 1480 ne
760 1423 931 1480 aeternam
969 1415 1160 1479 memoriam

111 1519 284 1586 dedecoris
307 1521 488 1605 relinquat.
537 1519 602 1584 Hic
629 1541 688 1586 vos
714 1528 796 1596 orat,
817 1519 955 1595 indicae,
972 1539 1106 1604 parvus,
1123 1526 1163 1583 ut
1173 1521 1213 1585 89

101 1646 147 1696 ¹se
177 1624 359 1709 aliquando
389 1625 418 1688 si
449 1645 516 1688 non
547 1625 677 1710 integra
707 1623 853 1699 fortuna,
886 1631 922 1687 at
952 1632 992 1687 ut
1028 1621 1164 1688 adflicta
1185 1637 1214 1683 41

111 1730 200 1815 patri
226 1751 288 1794 suo
313 1729 476 1815 gratulari
501 1730 629 1794 sinatis.
677 1728 768 1794 Huic
786 1730 905 1793 misero
929 1728 1059 1793 notiora
1081 1735 1162 1792 sunt

112 1835 233 1900 itinera
248 1832 448 1899 iudiciorum
464 1832 578 1898 ctiori
596 1851 697 1918 quam
714 1834 821 1918 campi
838 1842 874 1898 et
897 1833 1159 1917 disciplinarum.

112 1938 278 2003 Noniam
302 1937 438 2004 devita
463 1938 501 2001 P.
518 1937 642 2013 Sullae,
669 1937 807 2015 iudices,
832 1927 892 2004 'sed
919 1938 960 2004 de
988 1937 1163 2023 sepultura

112 2041 347 2116 contenditur3
372 2043 443 2106 vita
463 2050 577 2127 erepta
592 2051 645 2107 est
660 2043 829 2126 superiore
852 2042 986 2120 iudici0,
1003 2063 1103 2117 nuno,
1121 2062 1162 2108 ne
1184 2056 1215 2101 ee

113 2168 233 2232 corpus
255 2147 404 2222 eiciatur,
430 2145 626 2210 laboramus.
675 2145 769 2225 Quid
794 2148 883 2212 enim
909 2155 961 2212 est
985 2146 1063 2212 huic
1087 2145 1160 2210 reli·

113 2252 182 2335 qui,
196 2250 288 2335 quod
314 2271 391 2315 eum
416 2251 451 2314 in
476 2251 536 2314 hac
554 2251 624 2314 vita
649 2257 772 2326 teneat,
790 2260 851 2316 aut
874 2251 958 2336 quid
981 2259 1042 2327 est,
1059 2270 1160 2335 quam

113 2453 143 2503 of
165 2452 201 2502 all
221 2453 297 2502 these
321 2456 499 2504 ornamento:
522 2468 566 2504 see
588 2468 624 2504 on
649 2452 715 2502 This
731 2454 927 2514 parenthetieal
946 2469 992 2504 use
1009 2454 1040 2503 oi
1055 2457 1085 2504 ut
1105 2453 1164 2514 (‘as

114 2530 283 2591 incolumem,
298 2529 362 2590 561.
378 2530 415 2578 19.
648 2528 735 2577 faras
754 2531 871 2591 possible
890 2531 938 2592 ln‚'
960 2529 1160 2593 ‘considering’

145 2605 191 2654 36.
210 2603 262 2654 hic
284 2605 385 2654 miser.
419 2605 518 2656 Sulla's
536 2620 626 2669 young
651 2604 735 2666 ‘for’i
749 2606 815 2654 with
828 2620 863 2655 an
876 2607 977 2668 ellipsis
993 2607 1023 2656 oi
1039 2607 1086 2655 the
1098 2606 1162 2656 verb

113 2696 172 2743 son,
194 2683 256 2732 who
277 2695 332 2732 uas
355 2687 464 2746 present
489 2682 564 2744 (hice
589 2683 623 2732 cf.
650 2679 704 2742 (fit,
721 2681 788 2742 fieri
808 2681 911 2744 potest)
942 2685 963 2732 is
991 2684 1065 2744 quite
1093 2697 1159 2733 rare.

115 2759 190 2820 562.
214 2759 239 2818 5)
261 2758 290 2807 in
310 2764 405 2808 court:
425 2773 469 2808 see
494 2760 559 2809 Ere.
586 2757 623 2809 11.
647 2757 760 2806 itinera
778 2758 974 2816 iudiciorum,
992 2760 1035 2809 for
1059 2760 1161 2810 itinera

114 2835 129 2896 5
147 2835 185 2884 14.
649 2835 1162 2899 adiudiciasheiradaccompaniedhis

146 2909 192 2958 37.
209 2908 281 2959 huie
310 2922 407 2972 puero
430 2946 435 2959 .
458 2947 464 2960 .
486 2947 492 2959 .
514 2912 627 2962 metuit
649 2909 739 2959 father
750 2918 778 2961 to
791 2914 843 2962 and
857 2914 900 2962 iro
912 2919 940 2962 to
953 2915 1039 2962 excite
1056 2926 1163 2975 sympa-

115 2999 161 3046 ne,
184 2992 245 3049 eto,
271 2987 328 3036 ‘ior
351 2987 405 3036 this
428 2988 479 3050 boy
499 2988 533 3037 he
556 2990 627 3038 fears
649 2986 698 3048 thy
710 2988 753 3035 ior
768 2989 834 3038 him.
871 2989 980 3050 campi,
993 2990 1039 3038 tire
1057 2989 1163 3052 regular

115 3065 181 3120 that,
191 3064 270 3113 etc.:’
281 3078 368 3124 puero
381 3064 476 3114 should
489 3066 521 3114 be
533 3066 627 3128 placed
650 3062 725 3124 place
751 3065 779 3113 oi
811 3066 936 3114 exercise.
984 3065 1163 3126 discipliua-

116 3141 144 3190 in
160 3141 206 3190 the
227 3140 400 3190 subordinate
417 3141 506 3192 clause
523 3156 553 3192 as
570 3142 625 3192 ind.
650 3151 724 3192 rum.
739 3139 878 3191 ‘schools’

116 3218 168 3280 obj.
183 3218 212 3268 oi
223 3217 372 3280 relinquat,
386 3219 435 3268 but
448 3220 470 3268 is
488 3219 581 3281 placed
599 3219 627 3269 in
681 3214 782 3266 44—46.
797 3218 1027 3274 vits,acommon
1038 3231 1163 3281 exagger-

116 3294 162 3344 the
174 3295 249 3344 main
267 3295 357 3345 clause
377 3295 421 3344 ior
440 3296 575 3357 emphasis
594 3296 627 3358 by
650 3291 725 3340 ation
738 3294 782 3343 ior
798 3297 896 3344 statua.
932 3295 1030 3344 Sulla's
1048 3294 1095 3344 life
1108 3307 1163 3344 was

117 3371 162 3420 the
185 3372 332 3420 attraction
349 3371 431 3421 noted
454 3385 489 3420 on
514 3372 626 3432 Saliam,
650 3373 746 3419 110181
769 3372 854 3430 italie,
877 3371 926 3421 but
946 3371 981 3420 ill
1004 3372 1065 3420 that
1084 3371 1163 3420 mssdss

117 3448 186 3509 §aa
206 3449 246 3498 20.
282 3448 334 3498 For
347 3462 408 3498 case
420 3448 449 3497 oi
463 3462 551 3509 puero
562 3450 628 3498 with
643 3448 698 3498 life
722 3451 845 3501 valuable
874 3453 901 3500 in
932 3452 979 3501 the
1001 3465 1062 3513 eyes
1091 3452 1121 3500 of
1147 3466 1164 3501 a

116 3523 269 3586 mainetii.
289 3524 336 3577 227
349 3539 382 3588 e‚·
397 3524 429 3576 G.
449 3525 562 3587 347311.
581 3526 629 3575 385
651 3522 757 3577 Roman
771 3528 858 3577 noble.
895 3528 1032 3584 eiciatur,
1049 3542 1066 3576 a
1083 3528 1164 3579 refer·

117 3601 154 3651 11.
169 3601 196 3663 13
211 3599 244 3650 Β.
256 3601 304 3654 187
317 3601 331 3651 1
344 3616 369 3653 a.
652 3617 717 3656 enee
734 3611 763 3654 to
780 3604 857 3665 exile,
872 3605 919 3653 the
936 3618 987 3653 one
999 3604 1109 3667 penalty
1121 3604 1165 3670 ior

149 3677 162 3738 ἓ
175 3677 214 3726 89.
233 3677 331 3726 41-43.
348 3681 383 3726 at
393 3681 429 3726 ut
441 3677 574 3736 adflicta
587 3678 630 3728 ‘at
651 3683 808 3744 conspiracy
820 3695 894 3747 more
904 3695 994 3730 severe
1006 3681 1074 3730 than
1087 3682 1164 3730 those

117 3751 185 3803 least
196 3767 226 3803 as
238 3754 281 3803 iar
291 3769 320 3803 as
332 3768 395 3816 may
406 3755 440 3803 be
452 3755 481 3803 in
493 3754 535 3804 his
548 3754 629 3806 affiic-
651 3759 760 3820 already
772 3756 892 3820 imposed
905 3770 977 3819 upon
989 3757 1047 3809 him
1058 3757 1101 3810 ior
1112 3756 1165 3814 bri·

118 3830 205 3888 tiouz'
218 3831 285 3888 with
304 3832 420 3904 addicta
446 3846 482 3891 se,
499 3832 627 3902 soriano.
652 3836 723 3906 bery.
927 3821 930 3828 Α
