2870 4376
439 331 521 384 cnr.
546 331 585 391 ae.
610 332 625 396 o
647 331 735 385 ecce.
793 351 817 390 ,-
1097 320 1160 388 561

51 500 237 578 Clodiani3
262 501 456 568 mulioniam
481 503 658 588 paenulam
681 505 833 589 arripuit,
858 527 934 570 cum
958 528 1025 592 qua
1048 509 1112 594 pri·
1133 524 1163 570 at

51 622 153 673 mum
185 609 325 672 Romam
345 607 388 671 ad
419 609 554 672 comitia
584 616 739 683 venerat3
764 611 922 674 messoria
952 632 987 676 se
1011 613 1108 678 corbe

51 713 223 778 contexit.
270 712 358 777 Cum
381 720 583 796 quaererent
605 713 662 776 alii
687 713 897 790 Numerium,
922 716 980 780 alii
1004 715 1110 796 Quin-

51 818 157 892 tium,
174 817 300 903 gemini
317 817 462 882 nominis
486 838 595 881 errore
617 826 771 883 servatus
795 826 857 883 est.
907 820 1021 906 Atque
1045 821 1107 886 hoc

52 921 153 984 scitis
179 942 302 995 omnes
321 941 428 1004 usque
452 919 535 984 adeo
564 920 730 986 hominem
757 924 792 986 in
814 923 966 1006 periculo
991 915 1107 1002 fuisse,

53 1024 172 1109 quoad
188 1025 312 1089 scitum
328 1031 381 1088 est
396 1023 543 1088 Sestium
560 1025 683 1090 vivere.
718 1025 832 1104 Quod
857 1028 892 1090 ni
917 1035 1006 1093 esset
1021 1037 1111 1114 pate·
1132 1045 1163 1091 eo

52 1128 188 1194 factum
218 1129 319 1214 paulo
351 1130 460 1203 citius,
493 1149 594 1213 quam
627 1130 757 1206 vellem,
791 1152 857 1195 non
888 1132 939 1195 ilii
971 1133 1107 1217 quidem

53 1242 166 1298 morte
191 1233 410 1298 mercennarii
437 1234 488 1297 sui
515 1232 694 1299 transiene
718 1235 909 1318 potuissent
934 1237 1106 1313 invidiam,

53 1339 91 1401 in
116 1359 203 1422 quos
234 1337 407 1422 putabant,
440 1337 498 1401 sed
530 1336 733 1402 acerbissimi
766 1340 902 1404 sceleris
933 1339 1106 1406 infamiam

54 1449 155 1528 grato
179 1441 325 1526 quodam
346 1441 471 1505 scelere
494 1442 705 1506 minuissent.
752 1443 804 1506 Ac
828 1445 857 1506 si
879 1451 953 1508 tum
977 1443 1015 1507 Ρ.
1033 1443 1105 1510 Ses·
1120 1450 1161 1513 83

53 1547 137 1621 tius,
168 1544 306 1621 iudices,
336 1546 370 1608 in
401 1545 528 1629 templo
557 1544 706 1610 Castoris
737 1548 892 1622 animam,
919 1568 1021 1633 quam
1049 1551 1107 1615 vix
1131 1567 1160 1612 aa

54 1651 209 1725 retinuit,
226 1649 396 1726 edidisset,
421 1671 489 1713 non
511 1649 639 1726 dubito,
665 1651 759 1734 quin,
776 1652 804 1714 si
832 1651 931 1715 modo
959 1660 1048 1718 esset
1070 1653 1106 1718 in

54 1775 91 1818 re
130 1752 266 1838 publica
303 1760 452 1830 cedatne,
484 1755 513 1818 si
544 1754 699 1818 maiestas
731 1755 849 1839 populi
882 1756 1024 1820 Romani
1058 1777 1106 1822 re-

55 1858 210 1933 vixisset,
227 1857 409 1942 aiiquando
425 1864 538 1922 statua
553 1857 632 1922 huic
654 1857 696 1921 ob
722 1880 790 1922 rem
815 1858 982 1942 publicam
1006 1861 1107 1924 inter·

55 1961 147 2026 fecto
163 1963 199 2025 in
217 1961 291 2025 foro
307 1968 523 2027 statueretur.
571 1961 641 2026 Nec
656 1983 735 2027 vero
751 1962 886 2026 illorum
914 1965 1105 2048 quisquam,

55 2088 143 2150 quos
174 2087 193 2130 a
223 2065 404 2132 maioribus
437 2066 560 2130 nostris
585 2073 691 2130 morte
720 2066 811 2130 obita
835 2068 960 2151 positos
988 2069 1023 2131 in
1048 2069 1107 2132 ilio
1130 2085 1161 2130 ao

20 2157 27 2165 ’
55 2169 131 2233 ioco
147 2177 249 2254 atque
267 2170 303 2234 in
319 2170 435 2234 rostris
451 2169 642 2234 conlocatos
660 2169 792 2247 videtis,
819 2179 907 2235 esset
931 2170 969 2234 P.
996 2170 1106 2237 Sestio

57 2279 118 2336 aut
134 2273 313 2338 acerbitate
335 2273 452 2337 mortis
477 2280 538 2337 aut
552 2273 664 2337 animo
689 2274 725 2336 in
741 2295 810 2339 rem
831 2273 1000 2359 publicam
1017 2297 1107 2360 prae-

58 2491 152 2542 Oicero
171 2493 217 2543 did
240 2498 289 2543 not
312 2492 395 2544 relish
417 2493 484 2542 such
505 2491 573 2542 ailu-
595 2492 645 2543 s0.'
680 2494 829 2555 quodamis
841 2494 907 2544 used
919 2493 1048 2544 tosoiten
1060 2496 1108 2544 the

58 2570 133 2620 siens
154 2575 183 2619 to
205 2571 247 2620 his
270 2584 333 2620 own
357 2570 453 2633 origin.
595 2583 743 2631 oxymorcn
766 2569 812 2631 (ci.
836 2571 849 2632 5
869 2571 908 2619 40.
931 2570 958 2634 6)
979 2571 1008 2620 in
1027 2575 1108 2631 proto

91 2645 136 2693 25.
164 2658 235 2694 cum
253 2657 315 2707 qua
329 2668 354 2694 =
369 2659 425 2708 que
442 2646 572 2696 indutus:
594 2646 712 2697 scelere:
729 2647 901 2708 ef.§3i.14:
918 2645 1044 2696 Sullas.
1063 2649 1107 2711 203

59 2721 170 2784 ei.§78.
183 2722 225 2782 173
243 2723 312 2772 Mur.
323 2721 369 2771 89.
380 2723 423 2783 18;
442 2723 463 2771 Ι.
475 2721 520 2770 ³2.
531 2723 569 2771 18.
595 2722 645 2772 IV.
659 2722 684 2770 2.
706 2724 743 2772 19.
868 2745 870 2749 ·

58 2799 223 2848 Noticethat
231 2813 291 2849 cum
299 2800 377 2849 isnot
385 2799 484 2860 always
493 2799 572 2848 made
627 2799 692 2859 §sa
712 2798 813 2848 36-39.
830 2800 859 2847 ci
878 2798 992 2848 modo.
1024 2833 1029 2846 .
1050 2835 1055 2846 .
1078 2799 1106 2847 ci

60 2875 166 2925 enclitic
176 2876 241 2925 with
255 2875 378 2925 relatives
389 2876 424 2939 by
436 2875 537 2925 Cicero.
594 2875 755 2925 maiestas:
782 2877 859 2926 these
881 2876 1033 2926 conditione
1061 2891 1106 2926 are

92 2951 191 3000 27-34.
208 2951 441 3008 Numerium,
479 2950 572 3010 Quin·
594 2952 704 3014 parallel
716 2953 783 3002 with
798 2954 864 3002 ecch
882 2954 968 3012 other,
982 2953 1032 3001 but
1046 2953 1106 3002 sub-

60 3029 150 3077 tium:
167 3029 210 3077 his
227 3028 276 3077 iuli
294 3042 373 3077 name
396 3029 418 3077 is
438 3029 518 3090 given
535 3042 571 3078 cn
593 3029 717 3078 ordinate
735 3035 764 3079 tc
781 3031 805 3078 si
821 3032 887 3088 tum,
905 3029 922 3078 i.
943 3030 987 3090 343
1011 3041 1054 3078 see
1070 3043 1104 3078 on

62 3106 125 3166 §ia
138 3106 176 3154 21.
213 3105 252 3154 As
269 3105 316 3154 the
330 3117 497 3166 praenomen
515 3104 571 3154 Nu·
593 3103 658 3165 545.
678 3107 716 3155 11.
751 3107 949 3160 statueretur,
967 3105 1102 3166 subiunct.

61 3181 266 3230 rneriusiooked
278 3181 333 3230 and
345 3181 464 3230 sounded
484 3180 538 3229 like
554 3195 570 3229 a
592 3181 658 3230 both
677 3182 707 3230 oi
724 3182 848 3244 epodosis
867 3181 920 3229 and
940 3180 1104 3242 citerorum,

61 3271 153 3308 nomen
175 3271 250 3307 some
271 3271 382 3320 persons
405 3256 491 3306 would
519 3257 569 3306 caii
593 3258 668 3306 asin
687 3258 701 3318 ς
720 3259 759 3308 62.
774 3259 813 3318 13,
826 3258 875 3307 but
894 3258 983 3306 notice
997 3257 1058 3306 that
1076 3259 1104 3307 in

62 3335 117 3383 him
126 3335 269 3384 Numerius
278 3334 374 3394 Rufus,
386 3333 465 3383 while
477 3335 569 3383 others
592 3334 638 3383 the
660 3334 803 3396 imperfect
832 3340 908 3383 tense
937 3334 984 3382 tire
1010 3333 1105 3394 simple

63 3411 138 3460 knew
165 3411 222 3459 irim
250 3425 279 3460 as
307 3410 436 3470 Quintius
470 3410 566 3461 Rufus.
591 3410 660 3460 form
673 3411 695 3459 is
708 3423 781 3459 more
793 3423 918 3458 common
933 3409 1040 3471 though
1058 3411 1104 3458 the

63 3485 151 3545 Quod
167 3487 212 3534 ni:
233 3492 329 3548 except
345 3488 374 3535 in
392 3486 569 3536 affirmatione
590 3486 754 3549 periphrasis
763 3488 785 3537 is
797 3486 933 3548 preferred
946 3486 974 3534 in
987 3486 1034 3534 tire
1046 3486 1104 3548 pin·

63 3564 113 3612 and
125 3563 225 3612 certain
236 3562 280 3612 oid
292 3554 426 3613 formulae
437 3565 467 3612 aa·
481 3563 502 3611 is
520 3563 569 3612 but
590 3563 700 3625 perfect.
743 3563 801 3611 'Phe
814 3567 868 3611 two
879 3567 969 3611 tenses
981 3575 1027 3610 are
1039 3562 1104 3610 used

65 3638 144 3700 rar-ely
165 3640 229 3688 used
253 3641 296 3688 ior
323 3641 378 3689 niet
406 3640 441 3700 by
464 3638 565 3688 Cicero.
592 3641 706 3688 without
717 3639 875 3688 distinction
889 3639 916 3686 in
929 3639 1064 3701 meaning.

64 3715 184 3763 veliem:
217 3716 260 3763 for
282 3715 362 3765 moed
385 3716 420 3764 cf.
446 3716 460 3776 §
484 3715 524 3766 67.
543 3717 566 3765 1.
622 3715 667 3772 40,
679 3715 725 3764 41.
745 3719 846 3764 morte
862 3714 964 3764 obita:
982 3715 1103 3765 animm

64 3794 146 3852 grato
163 3791 300 3851 quodam
318 3791 446 3847 scelere,
462 3790 469 3813 ⁴
483 3791 518 3852 by
533 3805 567 3840 an
591 3792 607 3840 i.
621 3792 653 3842 38
666 3792 698 3857 cb
717 3805 773 3842 cern
788 3792 853 3852 pub.
886 3793 981 3853 atque
994 3791 1028 3840 in
1039 3803 1104 3843 ros·

64 3867 210 3932 acceptatio
226 3868 318 3932 crime,
331 3869 354 3918 ii
370 3869 384 3917 1
400 3881 463 3930 may
478 3867 530 3918 call
547 3869 568 3918 it
590 3869 662 3918 tris:
680 3882 724 3919 see
741 3882 778 3920 on
796 3867 863 3921 Suil.
878 3865 904 3918 6.
918 3869 957 3921 19.
