2936 4376
488 285 568 344 cir.
595 291 681 355 ian,
706 289 719 356 i
741 287 829 344 acia.
1171 277 1235 349 315

132 485 204 528 non
222 463 414 550 Torquatus
432 487 541 550 neque
566 465 731 550 Torquati
759 465 926 549 quispiam
949 463 1068 530 similia
1087 467 1183 550 (nam
1206 483 1235 530 io

132 567 170 631 id
209 591 260 634 me
292 569 436 633 multum
475 569 630 653 fefellit),
660 569 721 634 ssd
759 577 799 634 ut
829 569 952 654 aliquis
989 570 1181 656 patrimonii

132 671 330 759 naufragus,
361 674 518 738 inimicus
550 675 621 750 otii,
653 674 815 738 bonorum
843 673 949 739 hostis
977 675 1076 740 aliter
1098 675 1183 740 indi·

131 783 210 840 cata
232 776 312 842 haec
336 799 408 843 esse
439 777 575 854 diceret,
608 800 675 864 quo
706 778 840 843 facilius
873 785 976 844 vento
1006 780 1122 864 aliquo
1144 782 1181 844 in

131 882 299 965 optimum
317 902 486 967 quemque
502 885 649 948 excitato
665 892 780 968 posset
795 884 830 946 in
846 883 942 948 malis
959 885 1006 949 rei
1023 884 1178 970 publicae

130 991 267 1070 portum
305 987 453 1070 aliquem
483 1009 622 1052 suorum
654 989 818 1052 malorum
852 988 1013 1053 invenire.
1060 987 1181 1073 Itaque
1203 1003 1234 1048 aa

131 1091 336 1157 introductis
363 1093 398 1156 in
425 1101 580 1158 senatum
608 1094 774 1159 indicibus
804 1094 967 1159 constitui
997 1101 1177 1170 senatores,

131 1197 192 1280 qui
223 1197 333 1261 omnia
362 1196 512 1262 indicum
543 1198 643 1274 dieta,
674 1200 890 1286 interrogata,
921 1219 1081 1284 responsa
1107 1219 1178 1283 per-

130 1299 325 1366 scriberent.
371 1301 422 1366 At
437 1323 522 1386 quos
537 1300 646 1368 virosi
670 1323 736 1366 non
762 1302 872 1366 solum
894 1323 1027 1367 summa
1050 1303 1176 1367 virtute
1191 1305 1232 1368 42

131 1411 166 1470 et
182 1403 258 1480 fide,
282 1405 378 1486 cuius
401 1407 534 1492 generis
557 1413 629 1471 erat
651 1407 686 1470 in
709 1414 829 1471 senatu
853 1406 999 1471 facultas
1022 1408 1179 1481 maxima,

130 1507 191 1574 aed
221 1510 322 1573 etiarn
356 1531 440 1594 quos
466 1508 610 1575 sciebam
635 1511 803 1586 memoria,
828 1512 980 1588 scientia,
1008 1512 1180 1576 celeritate
1202 1527 1232 1572 aa

130 1611 299 1677 scribendi
329 1612 499 1690 facillime,
531 1635 618 1700 quae
649 1614 850 1691 dicerentur,
881 1617 1038 1701 persequi
1068 1637 1176 1702 posse,

75 1791 79 1796 ¹
131 1716 170 1781 C.
188 1715 400 1794 Cosconium,
418 1719 476 1802 qui
493 1725 565 1783 tum
582 1727 653 1783 erat
673 1727 815 1803 praetor,
833 1719 881 1782 M.
899 1719 1102 1796 Messallam,
1118 1721 1178 1805 qui

131 1827 205 1885 tum
220 1829 409 1906 praeturam
426 1821 570 1906 petebat,
596 1822 635 1885 P.
659 1822 845 1909 Nigidium,
870 1825 959 1909 App.
984 1824 1176 1889 Claudium.

131 1922 241 1989 Credo
275 1946 346 1990 esse
385 1926 562 2003 neminem,
602 1928 661 2012 qui
700 1926 753 1992 hia
791 1927 981 1993 hominibus
1020 1928 1063 1992 ad
1100 1951 1178 1995 vere

129 2027 343 2094 referendum
373 2037 433 2094 aut
465 2029 566 2094 fidem
595 2038 693 2116 putet
723 2038 783 2095 aut
813 2033 987 2118 ingenium
1018 2032 1177 2099 defuisse.
1201 2053 1232 2100 aa

160 2304 207 2361 1⁵,
222 2303 269 2353 16.
289 2316 361 2352 nam
377 2340 383 2352 .
400 2340 406 2352 .
424 2340 429 2352 .
446 2303 565 2360 fefellit,
584 2304 641 2352 ‘ior
665 2319 774 2367 express
791 2307 908 2369 passion.
944 2306 1086 2365 facultas,
1107 2308 1176 2359 asin

129 2382 195 2431 such
223 2395 239 2430 a
267 2395 327 2430 ease
350 2395 404 2430 was
432 2380 475 2429 iar
496 2381 567 2430 from
596 2395 640 2443 my
665 2379 741 2430 Caes.
756 2381 777 2430 1.
796 2379 841 2431 88
861 2383 888 2444 3;
907 2383 959 2431 Ill.
980 2381 1006 2430 9.
1024 2385 1047 2432 6.
1085 2383 1178 2434 celeri·

129 2457 288 2521 thoughia:'
307 2458 350 2508 ior
359 2455 464 2519 fefellit
475 2457 509 2506 ef.
525 2458 546 2506 Ι.
561 2457 586 2504 7.
600 2459 637 2506 12.
664 2459 721 2507 tete
739 2457 912 2518 seribendi‚a
931 2459 1067 2510 reference
1083 2465 1113 2509 to
1129 2461 1177 2510 the

128 2536 176 2582 ut:
206 2536 249 2585 for
277 2535 313 2585 its
343 2534 487 2598 repetition
520 2534 556 2584 cf.
585 2534 636 2583 ΙΙΙ.
663 2534 779 2595 practice
813 2535 842 2584 of
872 2536 1034 2585 short-hand
1069 2537 1178 2600 writing

128 2611 154 2659 4.
166 2612 206 2661 23.
665 2610 751 2660 which
762 2626 815 2661 was
826 2612 929 2674 rapidiy
938 2613 1047 2675 coming
1058 2613 1116 2662 into
1128 2628 1176 2663 use

160 2687 261 2738 17-21.
278 2688 451 2751 naufragus,
474 2687 581 2751 applied
610 2693 639 2736 to
654 2679 689 2735 ‘in
704 2687 822 2738 Cicero's
834 2689 906 2738 time.
938 2687 968 2736 C.
979 2688 1175 2747 Cosconium,

129 2764 271 2815 Catilina'a
302 2765 436 2815 followers
465 2765 492 2813 in
522 2765 558 2813 ΙΙ.
589 2761 635 2812 24.
662 2777 793 2826 governor
810 2765 840 2814 oi
859 2765 975 2814 Further
991 2765 1074 2828 Spain
1093 2767 1173 2828 inea,

129 2843 144 2894 'l
166 2842 218 2891 and
242 2842 264 2891 I.
289 2841 334 2890 ³0.
357 2841 401 2894 27:
425 2842 471 2891 the
497 2841 638 2903 metaphor
662 2841 722 2890 died
735 2842 763 2889 in
780 2843 820 2891 59.
855 2841 1176 2898 M.Meaaailam,con·

129 2920 151 2968 is
183 2919 331 2968 continued
363 2919 391 2967 in
422 2921 501 2968 cento
531 2918 574 2967 ior
598 2919 638 2967 in·
662 2915 702 2965 sul
721 2916 748 2964 in
767 2917 807 2977 53,
820 2921 868 2966 not
885 2917 931 2965 the
948 2930 1000 2967 one
1018 2919 1174 2968 mentioned

129 2995 203 3044 vidie
224 2995 278 3044 and
303 2997 414 3056 portum
440 2994 483 3043 ior
511 2993 635 3043 salutem.
662 2992 689 3040 in
713 2992 727 3053 ξ
750 2993 788 3041 20.
813 2992 843 3040 31
874 3005 904 3040 as
932 2997 1042 3054 present
1070 2997 1099 3042 at
1128 2994 1174 3043 the

129 3070 232 3120 aliter:
261 3085 297 3122 se.
323 3074 407 3133 atque
429 3072 535 3132 scripio
562 3073 634 3119 uini.
662 3068 731 3117 trial.

128 3149 252 3208 portum
272 3183 277 3194 .
295 3183 324 3194 ..
345 3146 503 3203 malorum,
531 3145 635 3195 ‘haven
693 3145 738 3194 28.
764 3145 795 3193 Ρ.
821 3144 980 3206 Nigidium
1013 3143 1170 3209 (ligulam),

131 3221 170 3283 (oi
181 3222 278 3286 saiety)
291 3223 361 3273 from
371 3223 484 3272 hisown
496 3222 634 3273 troubles)
661 3235 677 3270 a
695 3225 769 3284 great
789 3221 899 3270 student
919 3220 972 3269 and
991 3223 1083 3270 writer
1098 3235 1173 3284 upon

128 3299 299 3349 indicibus:
317 3314 361 3350 see
379 3299 432 3350 111.
451 3299 477 3348 9.
491 3301 529 3348 11.
564 3310 637 3348 eon·
661 3297 831 3360 philosophy,
874 3297 927 3346 and
974 3311 1009 3346 an
1047 3297 1173 3347 intimate

128 3375 217 3424 atitui
244 3379 413 3434 senatores,
436 3375 467 3424 ‘I
490 3376 636 3439 appointed
660 3375 749 3423 friend
772 3375 801 3423 oi
824 3373 926 3433 Cicero,
951 3379 1058 3436 praetor
1081 3375 1106 3424 in
1130 3375 1170 3435 58,

129 3453 266 3515 senators‚'
291 3453 396 3502 instead
420 3453 449 3502 of
470 3454 516 3502 the
539 3451 635 3502 official
661 3452 720 3500 died
740 3452 768 3500 in
789 3449 857 3500 exile
876 3451 903 3499 in
924 3451 964 3512 44,
979 3451 1079 3512 having
1098 3450 1172 3500 sided

128 3529 233 3588 scribes,
258 3531 301 3579 for
328 3543 480 3579 reasons
502 3529 636 3592 presently
662 3529 726 3576 with
745 3528 890 3590 Pompeius
910 3529 936 3576 in
961 3527 1008 3576 the
1026 3527 1087 3576 civil
1107 3540 1169 3576 war.

128 3605 213 3667 given.
661 3604 800 3667 Appium
834 3603 1007 3660 claudium,
1035 3617 1070 3652 an
1099 3603 1174 3652 elder

160 3681 223 3743 542.
242 3680 342 3730 23-27.
360 3682 407 3730 At
429 3693 508 3742 quos
536 3681 635 3730 viros:
661 3681 769 3730 brother
778 3681 807 3730 oi
818 3681 864 3729 the
876 3681 1040 3742 demagogue
1050 3679 1169 3730 Clodius.

129 3757 171 3806 for
185 3772 245 3808 case
267 3759 302 3808 ci.
327 3758 365 3807 ΙΙ.
392 3757 416 3806 7.
440 3757 467 3819 9;
492 3756 539 3806 the
562 3761 592 3808 at
614 3757 636 3807 is
692 3757 737 3806 ³0.
758 3759 861 3819 putet:
879 3757 923 3806 ior
937 3757 1056 3819 position
1076 3769 1119 3807 see
1134 3763 1171 3807 on

128 3833 191 3886 used
209 3835 238 3884 in
264 3835 362 3900 abrupi
390 3831 584 3885 exclamations
606 3837 635 3884 to
660 3834 815 3898 vestri582.
826 3835 850 3884 6.
