2924 4372
229 305 293 370 132
465 316 605 366 enarro
631 315 673 364 m
697 312 910 362 onrrnmsu
932 311 1116 363 sncnnnA.

280 490 386 554 mines
411 509 511 572 quam
539 489 695 572 primum,
719 487 747 550 si
771 492 858 549 stare
887 505 954 547 non
982 493 1134 569 possunt,
1159 493 1328 564 corruant,

231 608 258 653 10
279 591 339 657 sed
365 593 421 667 ita,
450 602 490 655 ut
517 613 584 655 non
613 589 711 654 modo
740 590 868 665 civitas,
896 588 956 653 sed
987 611 1029 658 na
1057 590 1160 654 vieini
1190 589 1327 675 quidem

280 696 424 781 proximi
447 696 603 760 sentiant.
651 694 737 758 Nam
763 691 849 756 illud
874 715 941 756 non
967 694 1139 780 intellego,
1161 716 1261 780 quam
1285 696 1328 760 ob
1418 736 1420 740 .

280 821 359 874 rem,
386 801 415 863 si
445 799 558 864 vivere
590 799 729 864 honeste
757 819 824 861 non
860 805 1011 882 possunt,
1041 799 1149 883 perire
1184 801 1329 884 turpiter

281 905 396 979 velint,
413 912 474 967 aut
488 924 549 967 our
565 903 689 967 minore
707 901 819 966 dolore
846 903 1012 986 perituros
1036 924 1071 966 se
1098 924 1175 967 oum
1200 904 1327 981 multis,

229 1013 270 1074 22
285 1030 386 1093 quam
401 1009 429 1072 si
446 1008 509 1071 soli
525 1015 672 1092 pereant,
690 1007 903 1071 arbitrentur.
956 1005 1122 1084 Quintum
1145 1029 1252 1094 genus
1276 1017 1329 1073 est

231 1115 258 1161 1⁵
281 1111 528 1197 parricidarum,
556 1113 761 1187 sicariorum,
797 1110 942 1195 denique
981 1112 1130 1174 omnium
1168 1111 1329 1177 facinero-

280 1239 402 1280 sorum.
450 1215 543 1294 Quos
570 1237 631 1302 ego
657 1237 675 1279 a
703 1215 851 1280 Catilina
869 1236 936 1278 non
953 1236 1093 1291 revoeo;
1117 1237 1193 1278 nam
1218 1237 1327 1310 neque

281 1321 322 1385 ab
352 1343 391 1385 eo
422 1320 538 1384 divelli
570 1327 713 1403 possunt
744 1325 779 1383 et
812 1325 950 1403 pereant
975 1339 1054 1382 sane
1082 1321 1116 1382 in
1143 1320 1327 1397 latrocinio,

280 1426 438 1511 quoniam
469 1431 551 1488 sunt
582 1424 630 1487 ita
664 1423 773 1499 multi,
808 1430 848 1487 ut
877 1444 932 1487 eos
964 1445 1076 1488 career
1106 1445 1223 1508 capere
1261 1446 1329 1488 non

282 1530 396 1614 possit.
436 1528 648 1593 Postremum
667 1535 781 1592 autem
795 1547 902 1614 genus
915 1534 966 1592 est
978 1549 1044 1592 non
1057 1529 1166 1592 solum
1179 1550 1328 1605 numero,

229 1649 260 1696 so
281 1655 398 1698 verum
425 1634 527 1698 etiam
553 1655 673 1720 genere
710 1635 783 1718 ipso
807 1639 908 1716 atque
936 1633 1016 1708 rita,
1042 1632 1134 1717 quod
1158 1635 1329 1718 proprium

282 1740 447 1806 Catilinae
474 1749 536 1817 est,
553 1740 594 1806 de
621 1741 693 1804 eius
721 1737 857 1812 dilectu,
874 1737 976 1800 immo
993 1758 1070 1801 vero
1092 1736 1133 1800 de
1150 1738 1330 1822 complexu

281 1846 354 1909 eius
380 1867 418 1910 ae
444 1846 541 1921 sinu3
571 1866 656 1930 quos
681 1864 767 1928 pexo
792 1841 913 1925 capillo
942 1840 1066 1906 nitidos
1093 1850 1152 1904 aut
1182 1840 1329 1907 inberbis

281 2017 351 2080 ers3’
373 2019 427 2079 i.e.,
446 2032 557 2081 persons
575 2018 636 2068 who
658 2017 739 2066 make
758 2013 794 2063 all
818 2013 966 2062 connected
978 2013 1013 2075 by
1025 2013 1192 2063 coordinata
1203 2015 1331 2077 conJ‘nnc·

282 2101 350 2145 sorts
368 2095 396 2144 of
414 2109 523 2144 excuses
541 2095 584 2144 for
601 2099 650 2144 not
667 2093 795 2154 inlfilling
818 2094 899 2153 tiens,
925 2107 964 2142 ue
986 2098 1059 2142 must
1082 2107 1187 2142 assume
1210 2109 1226 2143 a
1249 2094 1332 2156 slight

282 2171 464 2234 promptly
493 2172 564 2221 their
592 2175 791 2234 engagements.
817 2168 926 2231 ellipsis.
963 2169 1012 2219 See
1024 2184 1058 2218 on
1078 2171 1107 2231 ἐς
1120 2170 1185 2231 3.5;
1202 2171 1225 2220 9.
1241 2172 1330 2232 i,and
1415 2164 1417 2169 ’

283 2247 376 2298 Cicero
389 2249 483 2297 thinks
495 2249 558 2310 they
569 2248 621 2297 will
635 2249 712 2297 shirk
725 2245 795 2295 their
819 2246 850 2306 1.‚
861 2245 906 2294 16.
916 2246 955 2295 38.
985 2258 1072 2294 sane:
1085 2246 1158 2296 force
1166 2248 1230 2296 here
1241 2247 1255 2296 1
1281 2248 1331 2298 See

282 2324 400 2386 military
411 2325 500 2374 duties
513 2325 540 2372 in
553 2325 600 2374 the
611 2338 684 2374 same
697 2337 763 2385 rvay.
817 2336 852 2372 on
865 2323 879 2383 ᾖ
892 2324 930 2371 21.
947 2324 968 2371 1.

313 2400 359 2449 10.
376 2413 439 2450 non
478 2401 573 2450 modo
591 2437 596 2449 .
614 2437 619 2449 .
637 2437 643 2450 .
660 2400 718 2449 sed
756 2411 795 2446 ne
848 2402 895 2451 1ss
913 2402 1332 2466 earcer,‘theprison‚’not‘a

282 2513 288 2524 .
306 2513 312 2524 .
329 2513 334 2525 .
352 2478 493 2539 quidem:
511 2492 555 2528 see
572 2493 608 2527 on
625 2479 690 2539 520.
705 2477 792 2526 35-36.
818 2479 929 2542 prison!
966 2479 1053 2529 There
1070 2495 1125 2528 was
1144 2486 1173 2529 at
1192 2481 1246 2530 this
1264 2482 1330 2532 time

282 2549 365 2601 What
375 2558 446 2601 must
455 2552 488 2601 be
495 2552 642 2616 supplied?
669 2553 701 2601 In
710 2556 796 2599 trans·
818 2557 929 2606 hutone
941 2557 1032 2619 prison
1046 2563 1074 2604 at
1086 2557 1179 2617 Rome,
1193 2572 1209 2606 a
1226 2565 1286 2620 part
1303 2559 1333 2614 01

283 2627 369 2690 lating
385 2634 498 2678 connect
516 2630 563 2678 the
581 2643 639 2692 neg.
654 2628 720 2677 with
738 2642 796 2676 sen-
819 2634 917 2694 which,
942 2632 1026 2681 called
1054 2633 1216 2690 Tullianum,
1238 2635 1331 2684 served

284 2706 378 2755 liant:
412 2704 459 2754 ‘be
473 2706 597 2767 ignorant
609 2705 656 2756 oi.'
819 2711 861 2758 ior
876 2711 922 2759 the
940 2711 1081 2758 execution
1099 2709 1128 2758 oi
1145 2715 1285 2760 sentences
1303 2712 1332 2761 oi

314 2781 360 2829 11.
376 2781 462 2839 illud,
499 2782 643 2844 explained
678 2783 713 2844 by
749 2782 796 2830 the
818 2786 909 2845 death,
924 2785 970 2835 the
988 2791 1041 2834 rest
1058 2786 1101 2834 for
1118 2791 1269 2849 temporary
1286 2787 1330 2836 de·

283 2857 386 2907 clauses
409 2873 491 2920 quarn
510 2860 541 2909 ob
561 2874 641 2908 reru.
663 2896 668 2908 .
689 2859 795 2910 ,velini
818 2864 923 2912 tentlon
953 2862 1021 2911 until
1046 2869 1172 2912 sentence
1196 2877 1249 2913 was
1272 2878 1332 2926 pro-

283 2936 336 2984 and
361 2950 408 2985 eor
428 2973 433 2985 .
455 2972 461 2985 .
483 2972 489 2984 .
511 2936 697 2996 arbitrentnr;
723 2937 796 2984 what
819 2940 949 2989 nounced.
985 2939 1043 2988 'the
1067 2941 1275 3002 imprisonrnent
1302 2941 1332 2990 oi

284 3011 350 3061 kind
363 3012 393 3060 oi
409 3012 512 3061 clauses
524 3026 569 3061 are
581 3013 680 3061 these?
714 3013 795 3060 Point
818 3016 873 3065 free
885 3030 947 3065 men
960 3030 989 3066 as
1003 3030 1019 3064 a
1030 3017 1208 3079 punishment
1220 3031 1274 3066 was
1286 3017 1333 3066 ab·

283 3094 331 3137 out
343 3089 371 3136 in
385 3089 418 3150 ’ἓξ
435 3089 451 3138 3
469 3089 521 3137 and
539 3090 555 3138 6
572 3095 625 3138 two
643 3090 793 3150 appositiie
817 3092 932 3156 solutely
948 3094 1089 3142 unknown
1107 3098 1135 3142 at
1152 3093 1245 3142 Rome.
1281 3094 1332 3144 See

283 3164 387 3213 clauses
399 3166 428 3214 oi
443 3165 569 3214 different
582 3165 671 3226 kinds,
686 3165 739 3213 and
752 3179 796 3214 ex·
818 3183 852 3216 on
866 3170 899 3229 L,
912 3168 957 3217 19.
971 3170 1009 3218 15.

284 3240 359 3303 plain
372 3242 447 3290 each.
849 3244 949 3301 1220.
967 3245 1231 3302 Postremumetc.
1255 3245 1331 3296 ‘The

316 3317 391 3378 ξ22.
412 3317 488 3366 Fiith
527 3317 617 3368 Class:
663 3317 794 3367 Oomrnon
819 3321 869 3370 last
878 3321 946 3370 class
957 3323 979 3371 is
988 3321 1049 3383 last,
1061 3322 1122 3372 etc)
1158 3323 1331 3383 genera‘in

284 3393 430 3443 criminals.
481 3393 561 3444 Sixth
590 3394 679 3444 Class:
712 3395 797 3445 Dissi-
819 3397 1029 3468 klnd,'‘rank:’
1043 3400 1104 3462 give
1113 3399 1249 3462 examples
1260 3400 1332 3450 from

284 3471 364 3532 psted
377 3485 467 3534 young
479 3471 656 3533 men-good
670 3471 796 3520 riddance
818 3475 847 3536 ᾗῇ
859 3475 899 3536 20,
912 3475 952 3537 21,
966 3475 1020 3523 and
1033 3476 1064 3524 22
1076 3477 1105 3524 oi
1115 3491 1200 3537 ycnns
1213 3477 1241 3524 ln
1255 3477 1331 3527 three

284 3546 410 3596 toboth!
819 3551 967 3614 meanings.
1013 3551 1105 3612 quod,
1143 3553 1330 3614 conjunctior.

316 3623 362 3671 1⁷.
380 3626 412 3672 st
440 3627 576 3685 pereant,
601 3624 671 3673 ‘and
702 3625 727 3684 (I
750 3639 796 3687 say
818 3627 976 3689 proprium
995 3626 1153 3686 Catilinae,
1173 3627 1332 3680 ‘Catilina’s

285 3700 349 3759 this)
363 3699 400 3749 let
417 3701 500 3762 them,
514 3699 594 3750 etc.:’
610 3701 693 3750 theat
707 3703 729 3749 is
741 3715 797 3750 cor·
818 3701 907 3751 ownz’
928 3704 1011 3752 ease?
1044 3705 1093 3754 See
1105 3719 1141 3754 on
1154 3705 1186 3765 L,
1199 3703 1245 3753 12.
1258 3706 1297 3755 26.

286 3776 396 3825 relative
414 3781 441 3826 to
454 3791 539 3840 neque
557 3779 593 3835 (=
605 3781 630 3826 ei
648 3779 725 3839 non);
743 3778 796 3827 and
850 3778 895 3835 21,
904 3779 949 3827 22.
966 3779 1061 3830 immo
1069 3793 1158 3831 vero:
1171 3783 1233 3831 how
1242 3782 1333 3832 used?

274 3852 631 3904 vasunlikeconstructions
647 3860 748 3904 cannot
765 3855 797 3904 be
819 3854 868 3906 See
890 3868 926 3904 on
954 3856 987 3917 1.,
1011 3856 1036 3904 2.
1060 3857 1098 3906 13.
1145 3857 1234 3907 What*
1255 3858 1334 3908 other
