2870 4376
254 285 319 357 460
598 298 669 353 rao
692 299 723 353 r.
748 298 875 354 snsmo
899 297 1048 354 calmo.

309 499 374 562 que
399 475 595 540 consulibus
610 495 702 539 arma
723 475 759 537 in
776 474 938 559 templum
964 467 1113 538 Castoris
1137 473 1246 559 palam
1269 493 1349 538 com

310 580 539 666 portabantur,
556 577 679 665 gradus
697 577 847 642 eiusdem
864 578 982 663 templi
999 577 1216 653 tollebantur,
1236 579 1350 642 armati

310 685 461 749 homines
501 683 611 747 iorum
643 689 677 746 et
707 684 900 747 contiones·
920 681 1090 758 tenebant,
1127 680 1244 747 caedes
1275 683 1352 766 lapi-

256 805 284 850 15
306 789 526 872 dationesque
554 786 689 862 fiebant,
718 787 833 850 nullus
856 793 929 851 erat
951 794 1098 862 senatus,
1123 785 1206 847 nihil
1231 785 1352 868 reliqui

253 923 257 928 ¹
308 894 534 979 magistratus
552 913 640 955 unus
658 913 791 955 omnem
808 891 958 954 omnium
973 897 1177 974 potestatem
1197 890 1295 953 armis
1320 897 1354 954 et

302 997 492 1061 latrociniis
515 994 708 1081 possidebat
731 1017 797 1058 non
821 995 936 1078 aliqua
955 995 988 1058 vi
1013 1016 1082 1069 sua,
1100 993 1169 1068 sed,
1186 1015 1264 1057 cum
1287 992 1353 1058 duo

247 1165 248 1172 ,
270 1171 272 1180 ,
310 1101 464 1166 consules
481 1121 501 1163 a
517 1122 551 1165 re
567 1097 704 1185 publica
719 1099 968 1182 provinciarum
992 1097 1124 1162 foedere
1150 1097 1354 1174 retraxisset,

310 1203 505 1280 insultabat,
534 1203 778 1279 dominabatur,
804 1203 879 1267 aliis
907 1202 1138 1287 pollicebatur,
1168 1209 1293 1265 terrore
1317 1223 1355 1265 ac

254 1327 284 1372 ao
306 1317 399 1375 metu
417 1309 550 1384 multos,
567 1309 673 1392 pluris
690 1309 790 1372 etiam
806 1329 864 1391 spa
881 1315 916 1372 et
932 1307 1102 1392 promissis
1121 1305 1266 1371 tenebat.

254 1413 293 1474 tt
351 1413 446 1493 Quae
470 1434 547 1476 cum
570 1419 684 1477 essent
706 1413 779 1476 eius
805 1410 905 1487 modi,
939 1410 1079 1487 iudices,
1112 1431 1186 1474 cum
1217 1418 1358 1475 senatus

306 1518 408 1582 duces
446 1517 558 1580 nullos
596 1537 634 1580 ac
665 1539 724 1600 pro
755 1515 898 1580 ducibus
929 1514 1116 1599 proditores
1146 1521 1206 1577 aut
1241 1516 1359 1598 potius

306 1628 438 1706 apertos
464 1621 578 1684 hostes
601 1619 750 1694 haberet,
776 1627 934 1702 equester
958 1617 1038 1682 ordo
1062 1639 1138 1682 reus
1169 1639 1188 1680 a
1211 1620 1361 1682 consuli-

306 1724 367 1790 bus
384 1726 554 1800 citaretur,
572 1716 689 1788 Italiac
707 1723 812 1787 totius
829 1723 1011 1786 auctoritas
1036 1721 1284 1806 repudiaretur,
1304 1724 1364 1787 alii

253 1844 282 1890 25
304 1814 501 1892 nominatim
528 1827 767 1913 relegarentur,
799 1825 856 1889 alii
887 1833 981 1890 metu
1012 1834 1047 1890 et
1077 1824 1226 1909 periculo
1258 1833 1366 1892 terre·

305 1940 432 2006 rentur,
457 1952 548 1995 arma
570 1938 683 1995 essent
705 1931 740 1993 in
765 1929 908 2013 templis,
933 1931 1053 1993 armati
1080 1930 1114 1992 in
1140 1928 1222 2004 ioro,
1250 1951 1366 2016 eaque

308 2058 375 2101 non
397 2035 531 2100 silentio
554 2035 730 2098 consulum
753 2033 1055 2110 dissimularentur,
1076 2032 1136 2097 sed
1157 2038 1192 2096 et
1214 2054 1306 2098 voce
1333 2044 1368 2100 et

308 2140 476 2205 sententia
500 2137 804 2222 comprobarentur,
822 2159 898 2201 cum
923 2159 1038 2202 omnes
1063 2137 1176 2202 urbem
1202 2139 1368 2204 nondum

215 2271 218 2281 ·
306 2246 452 2310 excisam
476 2251 510 2308 et
533 2263 694 2318 eversam,
717 2241 776 2306 sed
792 2243 858 2306 iam
881 2249 1013 2327 captam
1035 2249 1139 2326 atque
1162 2263 1370 2326 oppressam

253 2364 283 2410 ³0
304 2348 515 2414 videremus:
556 2354 667 2410 tamen
705 2346 756 2410 his
795 2347 899 2410 tantis
937 2347 1033 2410 malis
1066 2353 1160 2410 tauto
1192 2344 1371 2412 bonorum

305 2452 428 2529 studio,
445 2450 582 2527 indicae,
606 2452 863 2527 restitissemus3
888 2451 948 2516 sed
970 2472 1022 2516 me
1038 2452 1096 2514 alii
1116 2457 1227 2514 metus
1254 2460 1370 2538 atque

305 2559 388 2622 aliae
404 2579 502 2622 curae
519 2558 796 2642 suspicionesque
814 2565 1003 2622 moverunt.

334 2773 379 2822 12.
396 2772 547 2834 templum
559 2771 706 2828 Castoris,
718 2786 753 2821 on
765 2773 813 2821 the
837 2771 994 2822 correlative
1006 2773 1033 2821 in
1047 2773 1063 2822 l.
1075 2773 1114 2822 30.
1150 2771 1204 2820 alii
1216 2775 1371 2823 nomina·

302 2851 383 2900 south
395 2850 451 2900 side
462 2851 492 2899 oi
508 2851 556 2899 the
573 2850 671 2911 iorum,
685 2863 752 2898 near·
766 2849 813 2898 the
836 2848 907 2896 tim:
928 2848 1024 2898 Lamia
1042 2849 1117 2912 only;
1141 2849 1185 2898 ior
1201 2848 1252 2898 the
1274 2849 1373 2912 plural

302 2932 407 2976 eastern
432 2927 492 2975 end.
529 2927 555 2975 It
579 2940 632 2976 was
656 2927 722 2975 used
745 2940 775 2974 as
797 2940 812 2973 a
837 2925 871 2974 ci.
886 2924 936 2975 IV.
947 2925 973 2974 6.
983 2927 1027 2987 28;
1045 2926 1067 2975 Ι.
1077 2924 1144 2986 4.5;
1161 2924 1187 2973 3.
1197 2925 1239 2974 24.
1276 2931 1373 2976 metu

291 3001 459 3062 ¹stronglrold
487 3001 520 3063 by
550 3001 597 3050 the
625 3001 760 3050 followers
784 3001 813 3049 ot
837 3004 871 3048 at
881 3001 1037 3062 periculo:
1055 3002 1090 3051 ci.
1109 3001 1177 3063 533,
1195 3001 1237 3050 34.

303 3076 421 3137 Clodius,
450 3091 480 3126 as
511 3078 532 3126 it
559 3077 716 3139 practically
743 3091 814 3126 com·
869 3078 914 3126 2⁷.
931 3089 1013 3127 voce
1043 3081 1075 3126 et
1102 3076 1286 3126 sententia:
1321 3085 1376 3129 not

302 3153 418 3202 manded
440 3152 487 3202 tire
514 3153 611 3202 iorum.
838 3167 867 3203 as
884 3154 912 3202 in
930 3154 943 3215 ς
958 3155 997 3215 33,
1016 3155 1059 3204 34:
1076 3153 1124 3203 the
1141 3166 1207 3202 voce
1225 3155 1326 3205 refers
1345 3161 1377 3205 to

333 3227 813 3291 1⁵.nussreuqu1magatratus:
838 3230 909 3279 their
932 3231 1019 3280 words
1051 3229 1079 3278 in
1109 3230 1156 3278 the
1180 3231 1294 3292 contio,
1323 3233 1378 3281 the

302 3319 337 3355 sc.
358 3307 445 3365 crant,
461 3304 525 3356 ‘the
540 3307 635 3355 restof
652 3307 699 3356 tire
717 3307 814 3368 magis·
838 3308 973 3356 scatentia
998 3301 1027 3356 to
1053 3305 1125 3356 their
1148 3309 1225 3355 votes
1258 3307 1295 3356 in
1325 3309 1379 3357 the

301 3386 385 3430 trates
396 3382 511 3431 counted
523 3382 567 3431 ior
577 3375 711 3445 nothing?
745 3383 813 3431 ailrti
838 3388 937 3432 senate.

302 3458 324 3506 is
344 3458 488 3520 predicate,
512 3461 693 3520 manistratus
713 3459 736 3508 is
753 3459 813 3507 sub·
868 3457 914 3506 ³1.
930 3458 1170 3507 restitissemus:
1214 3460 1312 3520 prin
1323 3475 1378 3524 cp.

302 3533 364 3594 ject.
398 3532 517 3593 reliqui:
534 3534 678 3596 excepting
691 3533 801 3582 whom?
837 3534 933 3595 parts?
965 3534 1032 3583 This
1046 3534 1111 3584 verb
1126 3534 1212 3584 iorms
1227 3535 1287 3585 the
1306 3551 1382 3600 apo-

332 3607 707 3664 17,18.1atroomus:see
729 3623 765 3658 on
788 3610 809 3658 1.
837 3609 908 3660 dosis
927 3615 955 3658 to
972 3610 1019 3660 the
1038 3611 1176 3660 condition
1194 3611 1327 3674 implied
1350 3615 1381 3662 in

300 3683 346 3733 31.
368 3685 392 3734 5.
427 3684 498 3741 duo,
521 3699 550 3734 as
573 3685 600 3733 in
624 3683 636 3741 i
660 3685 699 3734 32.
721 3684 744 3737 7.
779 3697 812 3733 re
837 3687 882 3734 the
905 3687 1072 3736 co-ordinate
1093 3687 1184 3737 clause
1210 3689 1268 3738 sed
1294 3723 1303 3738 .
1336 3725 1344 3739 .
1373 3724 1380 3738 .

299 3760 439 3821 publica:
458 3766 541 3810 trans.
558 3759 701 3822 careiullyi
836 3766 994 3814 moverant:
1021 3777 1130 3826 express
1162 3763 1218 3813 thIs
1256 3766 1291 3814 in
1329 3765 1384 3815 tha

332 3835 347 3902 ὅ
364 3835 404 3886 35.
422 3835 524 3885 21-25.
545 3847 629 3885 cum:
663 3839 753 3886 notice
778 3838 812 3886 its
836 3838 1097 3891 conditionalium.
