<?xml version="1.0" encoding="UTF-8"?>
<!DOCTYPE html PUBLIC "-//W3C//DTD XHTML 1.0 Transitional//EN"
    "http://www.w3.org/TR/xhtml1/DTD/xhtml1-transitional.dtd">
<html xmlns="http://www.w3.org/1999/xhtml" xml:lang="en" lang="en">
 <head>
  <title>
</title>
<meta http-equiv="Content-Type" content="text/html;charset=utf-8" />
  <meta name='ocr-system' content='tesseract 3.04.00' />
  <meta name='ocr-capabilities' content='ocr_page ocr_carea ocr_par ocr_line ocrx_word'/>
</head>
<body>
  <div class='ocr_page' id='page_1' title='image "./mtulliciceronis05cicegoog/mtulliciceronis05cicegoog_0634.png"; bbox 0 0 2876 4378; ppageno 0'>
   <div class='ocr_carea' id='block_1_1' title="bbox 442 261 1181 342">
    <p class='ocr_par' dir='ltr' id='par_1_1' title="bbox 442 261 1181 342">
     <span class='ocr_line' id='line_1_1' title="bbox 442 261 1181 342; baseline 0.004 -16"><span class='ocrx_word' id='word_1_1' title='bbox 442 271 522 327; x_wconf 73' lang='lat' dir='ltr'>oxa</span> <span class='ocrx_word' id='word_1_2' title='bbox 546 273 633 340; x_wconf 76' lang='lat' dir='ltr'>ecee,</span> <span class='ocrx_word' id='word_1_3' title='bbox 658 273 671 342; x_wconf 74' lang='lat' dir='ltr'>s</span> <span class='ocrx_word' id='word_1_4' title='bbox 693 269 796 328; x_wconf 75' lang='lat' dir='ltr'>ceros.</span> <span class='ocrx_word' id='word_1_5' title='bbox 1117 261 1181 329; x_wconf 83' lang='grc'>615</span> 
     </span>
    </p>
   </div>
   <div class='ocr_carea' id='block_1_2' title="bbox 48 445 1250 2196">
    <p class='ocr_par' dir='ltr' id='par_1_2' title="bbox 48 445 1250 1154">
     <span class='ocr_line' id='line_1_2' title="bbox 131 445 1182 532; baseline -0.001 -20"><span class='ocrx_word' id='word_1_6' title='bbox 131 445 237 512; x_wconf 91' lang='lat' dir='ltr'>etiam</span> <span class='ocrx_word' id='word_1_7' title='bbox 253 447 388 511; x_wconf 90' lang='lat' dir='ltr'>armatis</span> <span class='ocrx_word' id='word_1_8' title='bbox 405 453 440 510; x_wconf 89' lang='lat' dir='ltr'>et</span> <span class='ocrx_word' id='word_1_9' title='bbox 454 447 532 510; x_wconf 90' lang='lat' dir='ltr'>huic</span> <span class='ocrx_word' id='word_1_10' title='bbox 554 447 678 511; x_wconf 91' lang='lat' dir='ltr'>iudicio</span> <span class='ocrx_word' id='word_1_11' title='bbox 702 446 968 532; x_wconf 80' lang='lat' dir='ltr'>praesidentibus</span> <span class='ocrx_word' id='word_1_12' title='bbox 992 446 1071 511; x_wconf 90' lang='lat' dir='ltr'>haec</span> <span class='ocrx_word' id='word_1_13' title='bbox 1088 453 1182 512; x_wconf 86' lang='lat' dir='ltr'>tanta</span> 
     </span>
     <span class='ocr_line' id='line_1_3' title="bbox 133 549 1195 635; baseline 0.001 -20"><span class='ocrx_word' id='word_1_14' title='bbox 133 551 245 615; x_wconf 87' lang='lat' dir='ltr'>virtus</span> <span class='ocrx_word' id='word_1_15' title='bbox 256 572 298 615; x_wconf 88' lang='lat' dir='ltr'>ex</span> <span class='ocrx_word' id='word_1_16' title='bbox 311 549 371 614; x_wconf 88' lang='lat' dir='ltr'>hac</span> <span class='ocrx_word' id='word_1_17' title='bbox 383 549 462 614; x_wconf 89' lang='lat' dir='ltr'>urbe</span> <span class='ocrx_word' id='word_1_18' title='bbox 473 550 671 634; x_wconf 78' lang='lat' dir='ltr'>expelletur,</span> <span class='ocrx_word' id='word_1_19' title='bbox 682 551 968 626; x_wconf 80' lang='lat' dir='ltr'>exterminabitur,</span> <span class='ocrx_word' id='word_1_20' title='bbox 980 552 1195 635; x_wconf 85' lang='lat' dir='ltr'>proicietur?—</span> 
     </span>
     <span class='ocr_line' id='line_1_4' title="bbox 48 653 1181 731; baseline 0.002 -13"><span class='ocrx_word' id='word_1_21' title='bbox 48 657 114 718; x_wconf 82' lang='lat'>102</span> <span class='ocrx_word' id='word_1_22' title='bbox 133 653 166 718; x_wconf 95' lang='lat' dir='ltr'>O</span> <span class='ocrx_word' id='word_1_23' title='bbox 191 676 243 720; x_wconf 92' lang='lat' dir='ltr'>me</span> <span class='ocrx_word' id='word_1_24' title='bbox 267 655 472 731; x_wconf 87' lang='lat' dir='ltr'>miserum,o</span> <span class='ocrx_word' id='word_1_25' title='bbox 496 675 548 718; x_wconf 91' lang='lat' dir='ltr'>me</span> <span class='ocrx_word' id='word_1_26' title='bbox 572 653 763 720; x_wconf 77' lang='lat' dir='ltr'>infelicem!</span> <span class='ocrx_word' id='word_1_27' title='bbox 810 653 981 719; x_wconf 86' lang='lat' dir='ltr'>Revocare</span> <span class='ocrx_word' id='word_1_28' title='bbox 1007 662 1046 718; x_wconf 92' lang='lat' dir='ltr'>tu</span> <span class='ocrx_word' id='word_1_29' title='bbox 1071 677 1121 720; x_wconf 88' lang='lat' dir='ltr'>rne</span> <span class='ocrx_word' id='word_1_30' title='bbox 1146 657 1181 720; x_wconf 90' lang='lat' dir='ltr'>in</span> 
     </span>
     <span class='ocr_line' id='line_1_5' title="bbox 72 758 1183 845; baseline 0.005 -27"><span class='ocrx_word' id='word_1_31' title='bbox 72 773 105 818; x_wconf 79' lang='lat'>15</span> <span class='ocrx_word' id='word_1_32' title='bbox 129 759 285 842; x_wconf 88' lang='lat' dir='ltr'>patriam,</span> <span class='ocrx_word' id='word_1_33' title='bbox 310 758 404 834; x_wconf 85' lang='lat' dir='ltr'>Milo,</span> <span class='ocrx_word' id='word_1_34' title='bbox 429 758 570 843; x_wconf 90' lang='lat' dir='ltr'>potuisti</span> <span class='ocrx_word' id='word_1_35' title='bbox 595 780 655 841; x_wconf 88' lang='lat' dir='ltr'>per</span> <span class='ocrx_word' id='word_1_36' title='bbox 680 758 750 834; x_wconf 87' lang='lat' dir='ltr'>hos,</span> <span class='ocrx_word' id='word_1_37' title='bbox 776 780 838 845; x_wconf 86' lang='lat' dir='ltr'>ego</span> <span class='ocrx_word' id='word_1_38' title='bbox 867 765 899 824; x_wconf 91' lang='lat' dir='ltr'>te</span> <span class='ocrx_word' id='word_1_39' title='bbox 931 759 966 821; x_wconf 91' lang='lat' dir='ltr'>in</span> <span class='ocrx_word' id='word_1_40' title='bbox 993 761 1101 843; x_wconf 88' lang='lat' dir='ltr'>patria</span> <span class='ocrx_word' id='word_1_41' title='bbox 1123 781 1183 844; x_wconf 90' lang='lat' dir='ltr'>per</span> 
     </span>
     <span class='ocr_line' id='line_1_6' title="bbox 132 861 1181 948; baseline 0.003 -22"><span class='ocrx_word' id='word_1_42' title='bbox 132 861 269 928; x_wconf 87' lang='lat' dir='ltr'>eosdem</span> <span class='ocrx_word' id='word_1_43' title='bbox 284 863 428 928; x_wconf 90' lang='lat' dir='ltr'>retinere</span> <span class='ocrx_word' id='word_1_44' title='bbox 445 884 511 926; x_wconf 89' lang='lat' dir='ltr'>non</span> <span class='ocrx_word' id='word_1_45' title='bbox 536 864 678 948; x_wconf 85' lang='lat' dir='ltr'>potero?</span> <span class='ocrx_word' id='word_1_46' title='bbox 725 861 817 942; x_wconf 82' lang='lat' dir='ltr'>Quid</span> <span class='ocrx_word' id='word_1_47' title='bbox 840 861 1047 948; x_wconf 82' lang='lat' dir='ltr'>respondebo</span> <span class='ocrx_word' id='word_1_48' title='bbox 1070 863 1181 929; x_wconf 88' lang='lat' dir='ltr'>liberis</span> 
     </span>
     <span class='ocr_line' id='line_1_7' title="bbox 133 967 1180 1052; baseline 0.001 -23"><span class='ocrx_word' id='word_1_49' title='bbox 133 967 228 1043; x_wconf 85' lang='lat' dir='ltr'>meis,</span> <span class='ocrx_word' id='word_1_50' title='bbox 261 968 319 1052; x_wconf 92' lang='lat' dir='ltr'>qui</span> <span class='ocrx_word' id='word_1_51' title='bbox 351 975 384 1031; x_wconf 93' lang='lat' dir='ltr'>te</span> <span class='ocrx_word' id='word_1_52' title='bbox 415 974 586 1052; x_wconf 88' lang='lat' dir='ltr'>parentem</span> <span class='ocrx_word' id='word_1_53' title='bbox 618 967 762 1030; x_wconf 90' lang='lat' dir='ltr'>alterum</span> <span class='ocrx_word' id='word_1_54' title='bbox 802 967 951 1051; x_wconf 89' lang='lat' dir='ltr'>putant?</span> <span class='ocrx_word' id='word_1_55' title='bbox 990 967 1072 1052; x_wconf 92' lang='lat' dir='ltr'>quid</span> <span class='ocrx_word' id='word_1_56' title='bbox 1110 967 1180 1044; x_wconf 86' lang='lat' dir='ltr'>tibi,</span> 
     </span>
     <span class='ocr_line' id='line_1_8' title="bbox 134 1069 1250 1154; baseline 0.002 -22"><span class='ocrx_word' id='word_1_57' title='bbox 134 1069 263 1148; x_wconf 84' lang='lat' dir='ltr'>Quinte</span> <span class='ocrx_word' id='word_1_58' title='bbox 296 1070 409 1146; x_wconf 87' lang='lat' dir='ltr'>frater,</span> <span class='ocrx_word' id='word_1_59' title='bbox 437 1072 497 1154; x_wconf 93' lang='lat' dir='ltr'>qui</span> <span class='ocrx_word' id='word_1_60' title='bbox 527 1092 617 1135; x_wconf 91' lang='lat' dir='ltr'>nunc</span> <span class='ocrx_word' id='word_1_61' title='bbox 648 1070 735 1147; x_wconf 88' lang='lat' dir='ltr'>abes,</span> <span class='ocrx_word' id='word_1_62' title='bbox 764 1071 910 1135; x_wconf 89' lang='lat' dir='ltr'>consorti</span> <span class='ocrx_word' id='word_1_63' title='bbox 941 1092 1072 1136; x_wconf 89' lang='lat' dir='ltr'>mecum</span> <span class='ocrx_word' id='word_1_64' title='bbox 1103 1079 1183 1136; x_wconf 89' lang='lat' dir='ltr'>tem-</span> <span class='ocrx_word' id='word_1_65' title='bbox 1248 1071 1250 1078; x_wconf 75' lang='grc'>’</span> 
     </span>
    </p>

    <p class='ocr_par' dir='ltr' id='par_1_3' title="bbox 57 1174 1184 1781">
     <span class='ocr_line' id='line_1_9' title="bbox 81 1174 1181 1260; baseline 0.004 -24"><span class='ocrx_word' id='word_1_66' title='bbox 81 1241 85 1248; x_wconf 57' lang='grc'>,</span> <span class='ocrx_word' id='word_1_67' title='bbox 133 1195 254 1258; x_wconf 90' lang='lat' dir='ltr'>porum</span> <span class='ocrx_word' id='word_1_68' title='bbox 277 1174 438 1238; x_wconf 88' lang='lat' dir='ltr'>illorum?</span> <span class='ocrx_word' id='word_1_69' title='bbox 483 1197 577 1239; x_wconf 90' lang='lat' dir='ltr'>mene</span> <span class='ocrx_word' id='word_1_70' title='bbox 606 1196 674 1239; x_wconf 92' lang='lat' dir='ltr'>non</span> <span class='ocrx_word' id='word_1_71' title='bbox 702 1176 850 1260; x_wconf 89' lang='lat' dir='ltr'>potuisse</span> <span class='ocrx_word' id='word_1_72' title='bbox 877 1175 1015 1240; x_wconf 86' lang='lat' dir='ltr'>Milonis</span> <span class='ocrx_word' id='word_1_73' title='bbox 1038 1177 1181 1240; x_wconf 85' lang='lat' dir='ltr'>salutem</span> 
     </span>
     <span class='ocr_line' id='line_1_10' title="bbox 76 1278 1183 1364; baseline 0.004 -26"><span class='ocrx_word' id='word_1_74' title='bbox 76 1293 109 1338; x_wconf 82' lang='lat'>20</span> <span class='ocrx_word' id='word_1_75' title='bbox 132 1279 222 1342; x_wconf 91' lang='lat' dir='ltr'>tueri</span> <span class='ocrx_word' id='word_1_76' title='bbox 253 1300 311 1364; x_wconf 91' lang='lat' dir='ltr'>per</span> <span class='ocrx_word' id='word_1_77' title='bbox 341 1278 484 1356; x_wconf 88' lang='lat' dir='ltr'>eosdem,</span> <span class='ocrx_word' id='word_1_78' title='bbox 518 1301 577 1363; x_wconf 91' lang='lat' dir='ltr'>per</span> <span class='ocrx_word' id='word_1_79' title='bbox 608 1300 692 1364; x_wconf 89' lang='lat' dir='ltr'>quos</span> <span class='ocrx_word' id='word_1_80' title='bbox 725 1287 872 1343; x_wconf 84' lang='lat' dir='ltr'>nostram</span> <span class='ocrx_word' id='word_1_81' title='bbox 904 1279 961 1344; x_wconf 91' lang='lat' dir='ltr'>ille</span> <span class='ocrx_word' id='word_1_82' title='bbox 992 1280 1183 1344; x_wconf 88' lang='lat' dir='ltr'>servasset?</span> 
     </span>
     <span class='ocr_line' id='line_1_11' title="bbox 57 1381 1182 1469; baseline -0.001 -23"><span class='ocrx_word' id='word_1_83' title='bbox 57 1385 118 1446; x_wconf 81' lang='lat'>103</span> <span class='ocrx_word' id='word_1_84' title='bbox 134 1381 187 1444; x_wconf 89' lang='lat' dir='ltr'>At</span> <span class='ocrx_word' id='word_1_85' title='bbox 208 1382 243 1445; x_wconf 89' lang='lat' dir='ltr'>in</span> <span class='ocrx_word' id='word_1_86' title='bbox 267 1403 334 1466; x_wconf 89' lang='lat' dir='ltr'>qua</span> <span class='ocrx_word' id='word_1_87' title='bbox 357 1404 457 1446; x_wconf 88' lang='lat' dir='ltr'>causa</span> <span class='ocrx_word' id='word_1_88' title='bbox 484 1404 552 1446; x_wconf 90' lang='lat' dir='ltr'>non</span> <span class='ocrx_word' id='word_1_89' title='bbox 582 1383 759 1468; x_wconf 85' lang='lat' dir='ltr'>potuisse?</span> <span class='ocrx_word' id='word_1_90' title='bbox 805 1382 984 1463; x_wconf 82' lang='lat' dir='ltr'>Quodnam</span> <span class='ocrx_word' id='word_1_91' title='bbox 1015 1405 1076 1469; x_wconf 87' lang='lat' dir='ltr'>ego</span> <span class='ocrx_word' id='word_1_92' title='bbox 1108 1405 1182 1447; x_wconf 90' lang='lat' dir='ltr'>con·</span> 
     </span>
     <span class='ocr_line' id='line_1_12' title="bbox 134 1485 1183 1571; baseline 0.003 -23"><span class='ocrx_word' id='word_1_93' title='bbox 134 1486 211 1569; x_wconf 84' lang='lat' dir='ltr'>cepi</span> <span class='ocrx_word' id='word_1_94' title='bbox 238 1493 371 1550; x_wconf 89' lang='lat' dir='ltr'>tantum</span> <span class='ocrx_word' id='word_1_95' title='bbox 398 1486 506 1551; x_wconf 88' lang='lat' dir='ltr'>scelus</span> <span class='ocrx_word' id='word_1_96' title='bbox 529 1495 590 1550; x_wconf 89' lang='lat' dir='ltr'>aut</span> <span class='ocrx_word' id='word_1_97' title='bbox 620 1485 711 1571; x_wconf 92' lang='lat' dir='ltr'>quod</span> <span class='ocrx_word' id='word_1_98' title='bbox 742 1487 776 1550; x_wconf 90' lang='lat' dir='ltr'>in</span> <span class='ocrx_word' id='word_1_99' title='bbox 808 1509 859 1550; x_wconf 91' lang='lat' dir='ltr'>me</span> <span class='ocrx_word' id='word_1_100' title='bbox 888 1494 1021 1551; x_wconf 89' lang='lat' dir='ltr'>tantum</span> <span class='ocrx_word' id='word_1_101' title='bbox 1052 1487 1183 1552; x_wconf 84' lang='lat' dir='ltr'>facinus</span> 
     </span>
     <span class='ocr_line' id='line_1_13' title="bbox 134 1588 1184 1666; baseline 0.002 -14"><span class='ocrx_word' id='word_1_102' title='bbox 134 1588 265 1666; x_wconf 89' lang='lat' dir='ltr'>admisi,</span> <span class='ocrx_word' id='word_1_103' title='bbox 281 1589 418 1666; x_wconf 79' lang='lat' dir='ltr'>indicae,</span> <span class='ocrx_word' id='word_1_104' title='bbox 435 1612 511 1655; x_wconf 91' lang='lat' dir='ltr'>cum</span> <span class='ocrx_word' id='word_1_105' title='bbox 535 1590 593 1653; x_wconf 92' lang='lat' dir='ltr'>illa</span> <span class='ocrx_word' id='word_1_106' title='bbox 617 1590 740 1654; x_wconf 89' lang='lat' dir='ltr'>indicia</span> <span class='ocrx_word' id='word_1_107' title='bbox 764 1592 949 1655; x_wconf 89' lang='lat' dir='ltr'>communis</span> <span class='ocrx_word' id='word_1_108' title='bbox 973 1592 1068 1655; x_wconf 88' lang='lat' dir='ltr'>exitii</span> <span class='ocrx_word' id='word_1_109' title='bbox 1094 1591 1184 1654; x_wconf 90' lang='lat' dir='ltr'>inda·</span> 
     </span>
     <span class='ocr_line' id='line_1_14' title="bbox 134 1693 1183 1781; baseline 0.002 -22"><span class='ocrx_word' id='word_1_110' title='bbox 134 1695 224 1781; x_wconf 85' lang='lat' dir='ltr'>gavi,</span> <span class='ocrx_word' id='word_1_111' title='bbox 241 1693 394 1779; x_wconf 80' lang='lat' dir='ltr'>patefeci,</span> <span class='ocrx_word' id='word_1_112' title='bbox 411 1695 545 1779; x_wconf 85' lang='lat' dir='ltr'>protuli,</span> <span class='ocrx_word' id='word_1_113' title='bbox 563 1696 715 1760; x_wconf 86' lang='lat' dir='ltr'>extinxi?</span> <span class='ocrx_word' id='word_1_114' title='bbox 762 1695 888 1760; x_wconf 89' lang='lat' dir='ltr'>Omnes</span> <span class='ocrx_word' id='word_1_115' title='bbox 904 1697 940 1758; x_wconf 91' lang='lat' dir='ltr'>in</span> <span class='ocrx_word' id='word_1_116' title='bbox 956 1717 1007 1760; x_wconf 89' lang='lat' dir='ltr'>me</span> <span class='ocrx_word' id='word_1_117' title='bbox 1024 1717 1183 1781; x_wconf 88' lang='lat' dir='ltr'>meosque</span> 
     </span>
    </p>

    <p class='ocr_par' dir='ltr' id='par_1_4' title="bbox 80 1798 1185 2196">
     <span class='ocr_line' id='line_1_15' title="bbox 80 1798 1183 1878; baseline 0.002 -18"><span class='ocrx_word' id='word_1_118' title='bbox 80 1814 111 1860; x_wconf 78' lang='lat'>2⁵</span> <span class='ocrx_word' id='word_1_119' title='bbox 133 1798 326 1864; x_wconf 84' lang='lat' dir='ltr'>redundant</span> <span class='ocrx_word' id='word_1_120' title='bbox 353 1821 394 1864; x_wconf 90' lang='lat' dir='ltr'>ex</span> <span class='ocrx_word' id='word_1_121' title='bbox 425 1799 519 1863; x_wconf 84' lang='lat' dir='ltr'>fonte</span> <span class='ocrx_word' id='word_1_122' title='bbox 552 1800 610 1863; x_wconf 91' lang='lat' dir='ltr'>illo</span> <span class='ocrx_word' id='word_1_123' title='bbox 642 1799 781 1864; x_wconf 91' lang='lat' dir='ltr'>dolores.</span> <span class='ocrx_word' id='word_1_124' title='bbox 829 1798 921 1878; x_wconf 82' lang='lat' dir='ltr'>Quid</span> <span class='ocrx_word' id='word_1_125' title='bbox 948 1822 1000 1864; x_wconf 92' lang='lat' dir='ltr'>me</span> <span class='ocrx_word' id='word_1_126' title='bbox 1027 1800 1183 1864; x_wconf 89' lang='lat' dir='ltr'>reducem</span> 
     </span>
     <span class='ocr_line' id='line_1_16' title="bbox 135 1903 1181 1988; baseline -0.002 -20"><span class='ocrx_word' id='word_1_127' title='bbox 135 1925 208 1969; x_wconf 91' lang='lat' dir='ltr'>esse</span> <span class='ocrx_word' id='word_1_128' title='bbox 224 1903 403 1968; x_wconf 85' lang='lat' dir='ltr'>voluistis?</span> <span class='ocrx_word' id='word_1_129' title='bbox 435 1925 477 1967; x_wconf 85' lang='lat' dir='ltr'>an</span> <span class='ocrx_word' id='word_1_130' title='bbox 501 1911 541 1968; x_wconf 90' lang='lat' dir='ltr'>ut</span> <span class='ocrx_word' id='word_1_131' title='bbox 566 1905 775 1988; x_wconf 85' lang='lat' dir='ltr'>inspectante</span> <span class='ocrx_word' id='word_1_132' title='bbox 798 1925 850 1968; x_wconf 92' lang='lat' dir='ltr'>me</span> <span class='ocrx_word' id='word_1_133' title='bbox 872 1904 1122 1988; x_wconf 85' lang='lat' dir='ltr'>expellerentur</span> <span class='ocrx_word' id='word_1_134' title='bbox 1137 1905 1181 1980; x_wconf 92' lang='lat' dir='ltr'>hi,</span> 
     </span>
     <span class='ocr_line' id='line_1_17' title="bbox 119 2007 1185 2094; baseline -0.002 -20"><span class='ocrx_word' id='word_1_135' title='bbox 119 2031 196 2094; x_wconf 89' lang='lat' dir='ltr'>·pcr</span> <span class='ocrx_word' id='word_1_136' title='bbox 218 2029 303 2094; x_wconf 91' lang='lat' dir='ltr'>quos</span> <span class='ocrx_word' id='word_1_137' title='bbox 326 2030 432 2073; x_wconf 88' lang='lat' dir='ltr'>essem</span> <span class='ocrx_word' id='word_1_138' title='bbox 459 2008 660 2073; x_wconf 88' lang='lat' dir='ltr'>restitutus?</span> <span class='ocrx_word' id='word_1_139' title='bbox 706 2007 830 2084; x_wconf 90' lang='lat' dir='ltr'>Nolite,</span> <span class='ocrx_word' id='word_1_140' title='bbox 847 2007 982 2072; x_wconf 90' lang='lat' dir='ltr'>obsecro</span> <span class='ocrx_word' id='word_1_141' title='bbox 1005 2030 1074 2084; x_wconf 84' lang='lat' dir='ltr'>vos,</span> <span class='ocrx_word' id='word_1_142' title='bbox 1099 2030 1185 2072; x_wconf 89' lang='lat' dir='ltr'>acer·</span> 
     </span>
     <span class='ocr_line' id='line_1_18' title="bbox 136 2111 1185 2196; baseline 0 -20"><span class='ocrx_word' id='word_1_143' title='bbox 136 2112 263 2177; x_wconf 91' lang='lat' dir='ltr'>biorem</span> <span class='ocrx_word' id='word_1_144' title='bbox 288 2113 369 2174; x_wconf 91' lang='lat' dir='ltr'>mihi</span> <span class='ocrx_word' id='word_1_145' title='bbox 395 2113 466 2196; x_wconf 90' lang='lat' dir='ltr'>pati</span> <span class='ocrx_word' id='word_1_146' title='bbox 493 2112 637 2176; x_wconf 89' lang='lat' dir='ltr'>reditum</span> <span class='ocrx_word' id='word_1_147' title='bbox 664 2133 747 2187; x_wconf 88' lang='lat' dir='ltr'>esse,</span> <span class='ocrx_word' id='word_1_148' title='bbox 772 2133 874 2196; x_wconf 89' lang='lat' dir='ltr'>quam</span> <span class='ocrx_word' id='word_1_149' title='bbox 901 2111 1005 2176; x_wconf 82' lang='lat' dir='ltr'>fuerit</span> <span class='ocrx_word' id='word_1_150' title='bbox 1032 2112 1088 2177; x_wconf 91' lang='lat' dir='ltr'>ille</span> <span class='ocrx_word' id='word_1_151' title='bbox 1113 2114 1185 2196; x_wconf 91' lang='lat' dir='ltr'>ipse</span> 
     </span>
    </p>
   </div>
   <div class='ocr_carea' id='block_1_3' title="bbox 85 2215 1185 2717">
    <p class='ocr_par' dir='ltr' id='par_1_5' title="bbox 85 2215 1185 2717">
     <span class='ocr_line' id='line_1_19' title="bbox 136 2215 1184 2301; baseline -0.001 -22"><span class='ocrx_word' id='word_1_152' title='bbox 136 2216 313 2281; x_wconf 88' lang='lat' dir='ltr'>discessus.</span> <span class='ocrx_word' id='word_1_153' title='bbox 375 2215 461 2278; x_wconf 91' lang='lat' dir='ltr'>Nam</span> <span class='ocrx_word' id='word_1_154' title='bbox 493 2218 551 2301; x_wconf 93' lang='lat' dir='ltr'>qui</span> <span class='ocrx_word' id='word_1_155' title='bbox 587 2237 722 2301; x_wconf 89' lang='lat' dir='ltr'>possum</span> <span class='ocrx_word' id='word_1_156' title='bbox 754 2223 872 2300; x_wconf 86' lang='lat' dir='ltr'>putare</span> <span class='ocrx_word' id='word_1_157' title='bbox 904 2238 955 2280; x_wconf 90' lang='lat' dir='ltr'>me</span> <span class='ocrx_word' id='word_1_158' title='bbox 988 2217 1184 2280; x_wconf 89' lang='lat' dir='ltr'>restitutum</span> 
     </span>
     <span class='ocr_line' id='line_1_20' title="bbox 85 2320 1131 2404; baseline -0.002 -20"><span class='ocrx_word' id='word_1_159' title='bbox 85 2339 115 2384; x_wconf 84' lang='lat'>30</span> <span class='ocrx_word' id='word_1_160' title='bbox 138 2342 219 2396; x_wconf 88' lang='lat' dir='ltr'>esse,</span> <span class='ocrx_word' id='word_1_161' title='bbox 242 2321 272 2385; x_wconf 88' lang='lat' dir='ltr'>si</span> <span class='ocrx_word' id='word_1_162' title='bbox 295 2320 461 2384; x_wconf 88' lang='lat' dir='ltr'>distrahar</span> <span class='ocrx_word' id='word_1_163' title='bbox 486 2321 528 2384; x_wconf 92' lang='lat' dir='ltr'>ab</span> <span class='ocrx_word' id='word_1_164' title='bbox 549 2320 611 2396; x_wconf 85' lang='lat' dir='ltr'>his,</span> <span class='ocrx_word' id='word_1_165' title='bbox 638 2342 697 2404; x_wconf 88' lang='lat' dir='ltr'>per</span> <span class='ocrx_word' id='word_1_166' title='bbox 720 2341 804 2404; x_wconf 89' lang='lat' dir='ltr'>quos</span> <span class='ocrx_word' id='word_1_167' title='bbox 828 2321 1005 2384; x_wconf 87' lang='lat' dir='ltr'>restitutus</span> <span class='ocrx_word' id='word_1_168' title='bbox 1029 2320 1131 2384; x_wconf 87' lang='lat' dir='ltr'>sum?</span> 
     </span>
     <span class='ocr_line' id='line_1_21' title="bbox 184 2423 1183 2508; baseline -0.002 -20"><span class='ocrx_word' id='word_1_169' title='bbox 184 2441 347 2489; x_wconf 78' lang='lat' dir='ltr'>XXXVIII.</span> <span class='ocrx_word' id='word_1_170' title='bbox 380 2424 520 2489; x_wconf 88' lang='lat' dir='ltr'>Utinam</span> <span class='ocrx_word' id='word_1_171' title='bbox 537 2423 571 2487; x_wconf 92' lang='lat' dir='ltr'>di</span> <span class='ocrx_word' id='word_1_172' title='bbox 595 2424 797 2488; x_wconf 88' lang='lat' dir='ltr'>immortales</span> <span class='ocrx_word' id='word_1_173' title='bbox 821 2423 980 2488; x_wconf 84' lang='lat' dir='ltr'>fecissent</span> <span class='ocrx_word' id='word_1_174' title='bbox 998 2425 1097 2508; x_wconf 87' lang='lat' dir='ltr'>(pace</span> <span class='ocrx_word' id='word_1_175' title='bbox 1114 2431 1183 2498; x_wconf 88' lang='lat' dir='ltr'>tua,</span> 
     </span>
     <span class='ocr_line' id='line_1_22' title="bbox 138 2526 1183 2613; baseline 0 -21"><span class='ocrx_word' id='word_1_176' title='bbox 138 2529 254 2613; x_wconf 86' lang='lat' dir='ltr'>patria,</span> <span class='ocrx_word' id='word_1_177' title='bbox 272 2527 434 2604; x_wconf 85' lang='lat' dir='ltr'>dixerim3</span> <span class='ocrx_word' id='word_1_178' title='bbox 451 2536 565 2592; x_wconf 93' lang='lat' dir='ltr'>metuo</span> <span class='ocrx_word' id='word_1_179' title='bbox 582 2529 680 2603; x_wconf 90' lang='lat' dir='ltr'>enim,</span> <span class='ocrx_word' id='word_1_180' title='bbox 698 2549 740 2591; x_wconf 91' lang='lat' dir='ltr'>ne</span> <span class='ocrx_word' id='word_1_181' title='bbox 764 2527 924 2592; x_wconf 88' lang='lat' dir='ltr'>scelerate</span> <span class='ocrx_word' id='word_1_182' title='bbox 949 2526 1057 2591; x_wconf 92' lang='lat' dir='ltr'>dicam</span> <span class='ocrx_word' id='word_1_183' title='bbox 1080 2528 1116 2590; x_wconf 90' lang='lat' dir='ltr'>in</span> <span class='ocrx_word' id='word_1_184' title='bbox 1139 2535 1183 2603; x_wconf 83' lang='lat' dir='ltr'>te,</span> 
     </span>
     <span class='ocr_line' id='line_1_23' title="bbox 139 2628 1185 2717; baseline -0.002 -21"><span class='ocrx_word' id='word_1_185' title='bbox 139 2631 231 2717; x_wconf 90' lang='lat' dir='ltr'>quod</span> <span class='ocrx_word' id='word_1_186' title='bbox 240 2653 299 2716; x_wconf 90' lang='lat' dir='ltr'>pro</span> <span class='ocrx_word' id='word_1_187' title='bbox 311 2632 437 2697; x_wconf 89' lang='lat' dir='ltr'>Milone</span> <span class='ocrx_word' id='word_1_188' title='bbox 449 2631 558 2696; x_wconf 87' lang='lat' dir='ltr'>dicam</span> <span class='ocrx_word' id='word_1_189' title='bbox 568 2633 653 2717; x_wconf 86' lang='lat' dir='ltr'>pie),</span> <span class='ocrx_word' id='word_1_190' title='bbox 666 2631 798 2694; x_wconf 88' lang='lat' dir='ltr'>utinam</span> <span class='ocrx_word' id='word_1_191' title='bbox 808 2630 846 2693; x_wconf 93' lang='lat' dir='ltr'>P.</span> <span class='ocrx_word' id='word_1_192' title='bbox 857 2628 997 2694; x_wconf 84' lang='lat' dir='ltr'>Clodius</span> <span class='ocrx_word' id='word_1_193' title='bbox 1008 2653 1074 2694; x_wconf 92' lang='lat' dir='ltr'>non</span> <span class='ocrx_word' id='word_1_194' title='bbox 1087 2630 1185 2696; x_wconf 89' lang='lat' dir='ltr'>modo</span> 
     </span>
    </p>
   </div>
   <div class='ocr_carea' id='block_1_4' title="bbox 137 2880 1237 3857">
    <p class='ocr_par' dir='ltr' id='par_1_6' title="bbox 137 2880 1237 3857">
     <span class='ocr_line' id='line_1_24' title="bbox 169 2880 1183 2944; baseline 0 -14"><span class='ocrx_word' id='word_1_195' title='bbox 169 2881 181 2940; x_wconf 85' lang='lat'>§</span> <span class='ocrx_word' id='word_1_196' title='bbox 210 2883 265 2932; x_wconf 83' lang='lat'>102.</span> <span class='ocrx_word' id='word_1_197' title='bbox 298 2881 343 2932; x_wconf 86' lang='lat' dir='ltr'>1s.</span> <span class='ocrx_word' id='word_1_198' title='bbox 387 2895 470 2932; x_wconf 85' lang='lat' dir='ltr'>nunc</span> <span class='ocrx_word' id='word_1_199' title='bbox 488 2881 587 2940; x_wconf 69' lang='lat' dir='ltr'>abes,</span> <span class='ocrx_word' id='word_1_200' title='bbox 619 2896 648 2931; x_wconf 87' lang='lat' dir='ltr'>as</span> <span class='ocrx_word' id='word_1_201' title='bbox 670 2880 778 2930; x_wconf 80' lang='lat' dir='ltr'>fuerit:</span> <span class='ocrx_word' id='word_1_202' title='bbox 797 2880 840 2930; x_wconf 85' lang='lat' dir='ltr'>for</span> <span class='ocrx_word' id='word_1_203' title='bbox 856 2880 937 2932; x_wconf 83' lang='lat' dir='ltr'>meod</span> <span class='ocrx_word' id='word_1_204' title='bbox 956 2893 1047 2931; x_wconf 87' lang='lat' dir='ltr'>seeon</span> <span class='ocrx_word' id='word_1_205' title='bbox 1066 2880 1115 2944; x_wconf 81' lang='lat' dir='ltr'>Ep.</span> <span class='ocrx_word' id='word_1_206' title='bbox 1132 2880 1183 2933; x_wconf 90' lang='lat' dir='ltr'>Vi.</span> 
     </span>
     <span class='ocr_line' id='line_1_25' title="bbox 139 2956 751 3022; baseline 0 -14"><span class='ocrx_word' id='word_1_207' title='bbox 139 2957 259 3009; x_wconf 82' lang='lat' dir='ltr'>Gaesar&#39;s</span> <span class='ocrx_word' id='word_1_208' title='bbox 271 2959 374 3022; x_wconf 88' lang='lat' dir='ltr'>legatus</span> <span class='ocrx_word' id='word_1_209' title='bbox 386 2961 414 3008; x_wconf 92' lang='lat' dir='ltr'>in</span> <span class='ocrx_word' id='word_1_210' title='bbox 432 2959 517 3010; x_wconf 79' lang='lat' dir='ltr'>Gaul:</span> <span class='ocrx_word' id='word_1_211' title='bbox 534 2973 578 3008; x_wconf 85' lang='lat' dir='ltr'>see</span> <span class='ocrx_word' id='word_1_212' title='bbox 596 2959 646 3022; x_wconf 84' lang='lat' dir='ltr'>Ep.</span> <span class='ocrx_word' id='word_1_213' title='bbox 669 2956 715 3005; x_wconf 83' lang='lat'>15.</span> <span class='ocrx_word' id='word_1_214' title='bbox 728 2957 751 3008; x_wconf 90' lang='grc'>8.</span> 
     </span>
     <span class='ocr_line' id='line_1_26' title="bbox 137 3034 649 3098; baseline -0.004 -11"><span class='ocrx_word' id='word_1_215' title='bbox 137 3034 188 3087; x_wconf 89' lang='lat' dir='ltr'>VI.</span> <span class='ocrx_word' id='word_1_216' title='bbox 202 3034 256 3086; x_wconf 86' lang='lat' dir='ltr'>Sal.</span> <span class='ocrx_word' id='word_1_217' title='bbox 270 3038 446 3098; x_wconf 87' lang='lat' dir='ltr'>temporum</span> <span class='ocrx_word' id='word_1_218' title='bbox 458 3035 589 3093; x_wconf 86' lang='lat' dir='ltr'>illorum,</span> <span class='ocrx_word' id='word_1_219' title='bbox 601 3037 649 3085; x_wconf 89' lang='lat' dir='ltr'>the</span> 
     </span>
     <span class='ocr_line' id='line_1_27' title="bbox 138 3109 1184 3174; baseline -0.001 -13"><span class='ocrx_word' id='word_1_220' title='bbox 138 3125 214 3174; x_wconf 81' lang='lat' dir='ltr'>years</span> <span class='ocrx_word' id='word_1_221' title='bbox 225 3111 312 3163; x_wconf 77' lang='lat'>58-57.</span> <span class='ocrx_word' id='word_1_222' title='bbox 702 3110 765 3168; x_wconf 87' lang='lat'>1‚2.</span> <span class='ocrx_word' id='word_1_223' title='bbox 788 3109 938 3159; x_wconf 85' lang='lat' dir='ltr'>Utinam.</span> <span class='ocrx_word' id='word_1_224' title='bbox 962 3145 968 3159; x_wconf 94' lang='lat'>.</span> <span class='ocrx_word' id='word_1_225' title='bbox 993 3145 999 3158; x_wconf 97' lang='lat'>.</span> <span class='ocrx_word' id='word_1_226' title='bbox 1027 3109 1184 3168; x_wconf 79' lang='lat' dir='ltr'>iecissent,</span> 
     </span>
     <span class='ocr_line' id='line_1_28' title="bbox 169 3185 1184 3251; baseline 0.001 -16"><span class='ocrx_word' id='word_1_227' title='bbox 169 3187 321 3237; x_wconf 76' lang='lat' dir='ltr'>lemene</span> <span class='ocrx_word' id='word_1_228' title='bbox 343 3201 407 3238; x_wconf 89' lang='lat' dir='ltr'>non</span> <span class='ocrx_word' id='word_1_229' title='bbox 429 3188 587 3251; x_wconf 82' lang='lat' dir='ltr'>potuisse:</span> <span class='ocrx_word' id='word_1_230' title='bbox 611 3201 647 3238; x_wconf 87' lang='lat' dir='ltr'>so.</span> <span class='ocrx_word' id='word_1_231' title='bbox 673 3185 776 3236; x_wconf 84' lang='lat' dir='ltr'>‘would</span> <span class='ocrx_word' id='word_1_232' title='bbox 801 3188 861 3236; x_wconf 87' lang='lat' dir='ltr'>that</span> <span class='ocrx_word' id='word_1_233' title='bbox 886 3188 933 3236; x_wconf 83' lang='lat' dir='ltr'>the</span> <span class='ocrx_word' id='word_1_234' title='bbox 958 3186 1093 3236; x_wconf 88' lang='lat' dir='ltr'>immortai</span> <span class='ocrx_word' id='word_1_235' title='bbox 1120 3188 1184 3248; x_wconf 86' lang='lat' dir='ltr'>gods</span> 
     </span>
     <span class='ocr_line' id='line_1_29' title="bbox 139 3262 1185 3326; baseline -0.002 -12"><span class='ocrx_word' id='word_1_236' title='bbox 139 3264 325 3325; x_wconf 72' lang='lat' dir='ltr'>respondebo?</span> <span class='ocrx_word' id='word_1_237' title='bbox 671 3264 724 3312; x_wconf 87' lang='lat' dir='ltr'>had</span> <span class='ocrx_word' id='word_1_238' title='bbox 736 3264 847 3313; x_wconf 86' lang='lat' dir='ltr'>ordered</span> <span class='ocrx_word' id='word_1_239' title='bbox 862 3264 883 3313; x_wconf 86' lang='lat' dir='ltr'>n</span> <span class='ocrx_word' id='word_1_240' title='bbox 896 3262 1000 3326; x_wconf 88' lang='lat' dir='ltr'>(that).’</span> <span class='ocrx_word' id='word_1_241' title='bbox 1036 3263 1089 3312; x_wconf 82' lang='lat' dir='ltr'>For</span> <span class='ocrx_word' id='word_1_242' title='bbox 1105 3263 1185 3313; x_wconf 90' lang='lat' dir='ltr'>mood</span> 
     </span>
     <span class='ocr_line' id='line_1_30' title="bbox 172 3339 1184 3402; baseline 0.001 -14"><span class='ocrx_word' id='word_1_243' title='bbox 172 3339 257 3401; x_wconf 70' lang='lat'>5103.</span> <span class='ocrx_word' id='word_1_244' title='bbox 279 3339 325 3398; x_wconf 78' lang='lat'>23,</span> <span class='ocrx_word' id='word_1_245' title='bbox 341 3340 387 3389; x_wconf 81' lang='lat'>24.</span> <span class='ocrx_word' id='word_1_246' title='bbox 411 3341 466 3390; x_wconf 85' lang='lat' dir='ltr'>iila</span> <span class='ocrx_word' id='word_1_247' title='bbox 487 3339 649 3398; x_wconf 81' lang='lat' dir='ltr'>indicia,</span> <span class='ocrx_word' id='word_1_248' title='bbox 671 3340 848 3390; x_wconf 84' lang='lat' dir='ltr'>andtensecf.</span> <span class='ocrx_word' id='word_1_249' title='bbox 857 3341 906 3402; x_wconf 86' lang='lat' dir='ltr'>Ep.</span> <span class='ocrx_word' id='word_1_250' title='bbox 918 3339 997 3391; x_wconf 85' lang='lat' dir='ltr'>XIV.</span> <span class='ocrx_word' id='word_1_251' title='bbox 1006 3339 1032 3388; x_wconf 92' lang='lat'>1.</span> <span class='ocrx_word' id='word_1_252' title='bbox 1044 3341 1067 3390; x_wconf 83' lang='lat'>5.</span> <span class='ocrx_word' id='word_1_253' title='bbox 1098 3340 1184 3390; x_wconf 84' lang='lat' dir='ltr'>There</span> 
     </span>
     <span class='ocr_line' id='line_1_31' title="bbox 140 3416 1184 3480; baseline 0.003 -16"><span class='ocrx_word' id='word_1_254' title='bbox 140 3417 245 3479; x_wconf 84' lang='lat' dir='ltr'>against</span> <span class='ocrx_word' id='word_1_255' title='bbox 268 3416 394 3467; x_wconf 85' lang='lat' dir='ltr'>Catilina.</span> <span class='ocrx_word' id='word_1_256' title='bbox 436 3416 650 3479; x_wconf 82' lang='lat' dir='ltr'>indagavi...</span> <span class='ocrx_word' id='word_1_257' title='bbox 672 3419 694 3466; x_wconf 90' lang='lat' dir='ltr'>is</span> <span class='ocrx_word' id='word_1_258' title='bbox 717 3431 733 3465; x_wconf 86' lang='lat' dir='ltr'>a</span> <span class='ocrx_word' id='word_1_259' title='bbox 752 3418 856 3480; x_wconf 84' lang='lat' dir='ltr'>change</span> <span class='ocrx_word' id='word_1_260' title='bbox 875 3419 903 3466; x_wconf 92' lang='lat' dir='ltr'>in</span> <span class='ocrx_word' id='word_1_261' title='bbox 922 3417 1118 3466; x_wconf 85' lang='lat' dir='ltr'>construction:</span> <span class='ocrx_word' id='word_1_262' title='bbox 1138 3418 1184 3467; x_wconf 87' lang='lat' dir='ltr'>the</span> 
     </span>
     <span class='ocr_line' id='line_1_32' title="bbox 140 3492 1184 3557; baseline 0.002 -17"><span class='ocrx_word' id='word_1_263' title='bbox 140 3492 276 3540; x_wconf 79' lang='lat' dir='ltr'>extinxi:</span> <span class='ocrx_word' id='word_1_264' title='bbox 293 3507 379 3557; x_wconf 86' lang='lat' dir='ltr'>group</span> <span class='ocrx_word' id='word_1_265' title='bbox 391 3507 421 3544; x_wconf 81' lang='lat' dir='ltr'>as</span> <span class='ocrx_word' id='word_1_266' title='bbox 437 3494 465 3543; x_wconf 89' lang='lat' dir='ltr'>in</span> <span class='ocrx_word' id='word_1_267' title='bbox 479 3495 492 3556; x_wconf 64' lang='lat' dir='ltr'>t</span> <span class='ocrx_word' id='word_1_268' title='bbox 509 3493 547 3545; x_wconf 78' lang='lat'>76.</span> <span class='ocrx_word' id='word_1_269' title='bbox 562 3495 584 3550; x_wconf 90' lang='lat'>8.</span> <span class='ocrx_word' id='word_1_270' title='bbox 597 3493 650 3543; x_wconf 88' lang='lat' dir='ltr'>and</span> <span class='ocrx_word' id='word_1_271' title='bbox 668 3493 803 3553; x_wconf 76' lang='lat' dir='ltr'>fecissent</span> <span class='ocrx_word' id='word_1_272' title='bbox 816 3493 912 3543; x_wconf 86' lang='lat' dir='ltr'>should</span> <span class='ocrx_word' id='word_1_273' title='bbox 924 3495 957 3543; x_wconf 90' lang='lat' dir='ltr'>be</span> <span class='ocrx_word' id='word_1_274' title='bbox 968 3493 1092 3543; x_wconf 87' lang='lat' dir='ltr'>followed</span> <span class='ocrx_word' id='word_1_275' title='bbox 1105 3493 1140 3555; x_wconf 87' lang='lat' dir='ltr'>by</span> <span class='ocrx_word' id='word_1_276' title='bbox 1149 3507 1184 3542; x_wconf 84' lang='lat' dir='ltr'>an</span> 
     </span>
     <span class='ocr_line' id='line_1_33' title="bbox 140 3569 1186 3634; baseline 0.002 -17"><span class='ocrx_word' id='word_1_277' title='bbox 140 3569 228 3618; x_wconf 89' lang='lat' dir='ltr'>notice</span> <span class='ocrx_word' id='word_1_278' title='bbox 250 3569 311 3618; x_wconf 87' lang='lat' dir='ltr'>that</span> <span class='ocrx_word' id='word_1_279' title='bbox 332 3571 434 3620; x_wconf 76' lang='lat' dir='ltr'>esttnei</span> <span class='ocrx_word' id='word_1_280' title='bbox 456 3585 506 3620; x_wconf 89' lang='lat' dir='ltr'>can</span> <span class='ocrx_word' id='word_1_281' title='bbox 529 3584 563 3634; x_wconf 90' lang='lat' dir='ltr'>go</span> <span class='ocrx_word' id='word_1_282' title='bbox 585 3571 651 3620; x_wconf 87' lang='lat' dir='ltr'>with</span> <span class='ocrx_word' id='word_1_283' title='bbox 672 3573 703 3620; x_wconf 86' lang='lat' dir='ltr'>nt</span> <span class='ocrx_word' id='word_1_284' title='bbox 712 3569 873 3630; x_wconf 75' lang='lat' dir='ltr'>clauselnt.</span> <span class='ocrx_word' id='word_1_285' title='bbox 889 3605 914 3620; x_wconf 84' lang='lat'>..</span> <span class='ocrx_word' id='word_1_286' title='bbox 929 3569 1049 3630; x_wconf 82' lang='lat' dir='ltr'>viveret),</span> <span class='ocrx_word' id='word_1_287' title='bbox 1060 3570 1108 3617; x_wconf 92' lang='lat' dir='ltr'>but</span> <span class='ocrx_word' id='word_1_288' title='bbox 1115 3570 1186 3619; x_wconf 83' lang='lat' dir='ltr'>aiter</span> 
     </span>
     <span class='ocr_line' id='line_1_34' title="bbox 140 3645 1185 3710; baseline 0.001 -16"><span class='ocrx_word' id='word_1_289' title='bbox 140 3645 243 3696; x_wconf 80' lang='lat' dir='ltr'>indicia</span> <span class='ocrx_word' id='word_1_290' title='bbox 259 3645 323 3708; x_wconf 87' lang='lat' dir='ltr'>only</span> <span class='ocrx_word' id='word_1_291' title='bbox 335 3646 370 3708; x_wconf 91' lang='lat' dir='ltr'>by</span> <span class='ocrx_word' id='word_1_292' title='bbox 385 3661 504 3710; x_wconf 83' lang='lat' dir='ltr'>zeugma.</span> <span class='ocrx_word' id='word_1_293' title='bbox 673 3647 719 3695; x_wconf 90' lang='lat' dir='ltr'>the</span> <span class='ocrx_word' id='word_1_294' title='bbox 727 3647 895 3708; x_wconf 85' lang='lat' dir='ltr'>parenthesis</span> <span class='ocrx_word' id='word_1_295' title='bbox 904 3646 1085 3696; x_wconf 88' lang='lat' dir='ltr'>Cicerostarts</span> <span class='ocrx_word' id='word_1_296' title='bbox 1092 3645 1185 3695; x_wconf 85' lang='lat' dir='ltr'>airesh</span> 
     </span>
     <span class='ocr_line' id='line_1_35' title="bbox 170 3721 1237 3780; baseline 0 -11"><span class='ocrx_word' id='word_1_297' title='bbox 170 3721 216 3780; x_wconf 83' lang='lat'>2⁷,</span> <span class='ocrx_word' id='word_1_298' title='bbox 237 3721 284 3770; x_wconf 78' lang='lat'>28.</span> <span class='ocrx_word' id='word_1_299' title='bbox 306 3721 413 3772; x_wconf 80' lang='lat' dir='ltr'>Nolite</span> <span class='ocrx_word' id='word_1_300' title='bbox 512 3734 595 3771; x_wconf 80' lang='lat' dir='ltr'>esse:</span> <span class='ocrx_word' id='word_1_301' title='bbox 615 3723 649 3772; x_wconf 83' lang='lat' dir='ltr'>ci.</span> <span class='ocrx_word' id='word_1_302' title='bbox 674 3723 740 3772; x_wconf 83' lang='lat' dir='ltr'>with</span> <span class='ocrx_word' id='word_1_303' title='bbox 759 3725 865 3772; x_wconf 80' lang='lat' dir='ltr'>utinam</span> <span class='ocrx_word' id='word_1_304' title='bbox 887 3760 893 3773; x_wconf 89' lang='lat'>.</span> <span class='ocrx_word' id='word_1_305' title='bbox 916 3758 922 3772; x_wconf 94' lang='lat'>.</span> <span class='ocrx_word' id='word_1_306' title='bbox 946 3758 953 3772; x_wconf 88' lang='lat'>.</span> <span class='ocrx_word' id='word_1_307' title='bbox 975 3724 1083 3773; x_wconf 79' lang='lat' dir='ltr'>viveret.</span> <span class='ocrx_word' id='word_1_308' title='bbox 1118 3721 1186 3769; x_wconf 84' lang='lat' dir='ltr'>dix·</span> <span class='ocrx_word' id='word_1_309' title='bbox 1235 3737 1237 3742; x_wconf 94' lang='lat'>·</span> 
     </span>
     <span class='ocr_line' id='line_1_36' title="bbox 141 3796 1183 3857; baseline 0.001 -10"><span class='ocrx_word' id='word_1_310' title='bbox 141 3797 154 3857; x_wconf 67' lang='lat' dir='ltr'>l</span> <span class='ocrx_word' id='word_1_311' title='bbox 176 3797 216 3847; x_wconf 84' lang='lat'>92.</span> <span class='ocrx_word' id='word_1_312' title='bbox 246 3797 270 3848; x_wconf 77' lang='grc' dir='ltr'>ὅ.</span> <span class='ocrx_word' id='word_1_313' title='bbox 316 3797 452 3846; x_wconf 86' lang='lat' dir='ltr'>reditum</span> <span class='ocrx_word' id='word_1_314' title='bbox 477 3798 501 3847; x_wconf 90' lang='lat' dir='ltr'>is</span> <span class='ocrx_word' id='word_1_315' title='bbox 523 3812 540 3846; x_wconf 84' lang='lat' dir='ltr'>a</span> <span class='ocrx_word' id='word_1_316' title='bbox 566 3812 649 3849; x_wconf 89' lang='lat' dir='ltr'>noun.</span> <span class='ocrx_word' id='word_1_317' title='bbox 674 3798 763 3847; x_wconf 85' lang='lat' dir='ltr'>erim:</span> <span class='ocrx_word' id='word_1_318' title='bbox 780 3796 1183 3850; x_wconf 73' lang='lat' dir='ltr'>formoodseeonsmiasss.</span> 
     </span>
    </p>
   </div>
   <div class='ocr_carea' id='block_1_5' title="bbox 0 0 1450 4378">
    <p class='ocr_par' dir='ltr' id='par_1_7' title="bbox 0 0 1450 4378">
     <span class='ocr_line' id='line_1_37' title="bbox 0 0 1450 4378; baseline 0 0"><span class='ocrx_word' id='word_1_319' title='bbox 0 0 1450 4378; x_wconf 95' lang='lat' dir='ltr'> </span> 
     </span>
    </p>
   </div>
  </div>
 </body>
</html>
