2924 4372
538 341 618 398 oar.
641 344 680 408 13,
705 339 827 408 §teca
1109 360 1112 364 ·
1181 325 1245 390 139

145 540 207 587 sua
230 521 355 608 templa
379 527 481 606 atque
513 519 603 583 urbis
633 525 722 581 tecta
753 500 951 579 defendunt.
998 512 1092 592 Quos
1125 535 1194 588 vos,
1219 527 1247 572 ao

147 627 307 707 Quirites
324 626 463 711 precari,
480 624 641 700 venerari,
659 621 834 706 implorare
856 617 995 693 debetis,
1020 625 1069 692 ut,
1094 639 1195 702 quarn

147 732 262 796 urbem
278 729 537 817 pulcherrimam
554 727 891 809 florentissimamque
908 745 979 787 esse
1002 722 1194 796 voluerunt,

146 837 231 901 hano
254 835 408 900 omnibus
432 833 580 898 hostium
604 832 708 918 copiis
732 838 822 894 terra
852 828 1001 913 marique
1030 827 1195 912 superatis

146 963 165 1006 a
181 941 481 1026 perditissimorum
499 938 624 1004 civium
642 934 770 1000 nefario
786 933 909 999 scelere
926 930 1121 996 defendant.

887 1073 1008 1080 ——---
1018 1073 1196 1082 ----—.-..—--—-—-

178 1164 280 1222 2114.
298 1165 356 1214 'ihe
367 1161 504 1226 emphatic
516 1159 604 1210 words
616 1173 660 1208 are
683 1169 732 1207 me
749 1159 773 1217 4,
793 1155 874 1206 duce
891 1157 915 1214 5,
934 1149 1070 1215 11011011,
1083 1153 1160 1204 urbe
1172 1155 1196 1216 i,

145 1240 284 1290 hostium
317 1240 371 1290 and
404 1237 528 1288 civium
578 1238 661 1284 terra
683 1233 848 1293 1011111109,
861 1243 963 1294 poena
981 1233 1019 1292 12,
1032 1229 1197 1293 prudentia

143 1317 287 1378 marique,
300 1316 349 1366 loc.
364 1315 508 1366 abiatives:
526 1313 574 1364 the
585 1326 661 1375 regu·
686 1311 723 1371 14,
736 1309 827 1359 hoste
847 1311 884 1370 18,
903 1307 1021 1357 auxilio
1040 1308 1078 1368 19,
1097 1307 1197 1369 copiis

142 1391 185 1444 lar
200 1392 380 1456 prepositions
405 1407 467 1455 may
489 1391 522 1442 be
545 1389 660 1440 omitted
683 1389 722 1438 23.
760 1387 843 1436 Write
862 1393 909 1434 0111
930 1399 964 1434 111
983 1384 1087 1433 outline
1104 1385 1133 1433 oi
1150 1385 1197 1432 the

147 1471 213 1519 with
231 1471 306 1520 these
324 1469 411 1519 words
430 1468 495 1532 only
514 1469 594 1518 wiren
614 1467 660 1516 the
684 1464 789 1528 speech,
802 1462 925 1524 showing
943 1462 987 1510 the
1005 1459 1105 1509 several
1124 1467 1197 1523 parts

146 1552 200 1595 two
212 1546 298 1595 words
315 1561 360 1596 are
376 1546 462 1596 found
479 1546 612 1610 together,
630 1559 659 1593 as
684 1543 742 1590 into
752 1540 840 1589 which
849 1541 870 1587 it
881 1540 901 1588 is
911 1537 1028 1597 dividui,
1039 1537 1093 1585 and
1106 1537 1197 1600 giving

146 1624 219 1672 here.
683 1631 847 1678 asuunnary
860 1616 889 1664 oi
906 1615 953 1664 the
971 1619 1126 1676 arguments
1143 1627 1197 1662 em·

178 1697 296 1762 Expiain
312 1699 360 1749 the
378 1698 509 1770 ablativos
527 1700 657 1760 11101112,
684 1695 780 1760 pioyed
793 1693 908 1744 iueach.

507 1946 880 1958 -.----

570 2149 764 2201 EXCURSUS
788 2149 809 2198 1.

421 2309 481 2346 ritu
500 2307 616 2345 arram
633 2307 670 2345 OF
687 2307 747 2344 riri:
766 2305 971 2344 Atitoaaoous.

385 2438 491 2492 [Saliust
502 2438 557 2490 Cap.
568 2439 601 2480 ³9.
610 2439 671 2487 o-ii;
686 2439 711 2478 ii
724 2439 756 2478 17.
784 2437 844 2478 Text
855 2437 880 2478 oi
894 2435 1020 2490 Schmin]

176 2568 247 2632 39.1
269 2614 657 2630 ..........
682 2578 743 2628 duci
765 2592 850 2640 posse.
887 2578 1050 2638 Umbrenus,
1072 2578 1144 2642 qnod
1167 2574 1226 2627 1112

115 2657 132 2707 6
148 2690 369 2708 ......
402 2656 511 2706 Eisdem
533 2657 659 2718 tempori·
682 2653 772 2704 Gallia
792 2656 945 2718 negotiatus
973 2661 1039 2716 erat,
1063 2654 1196 2719 plerisque

146 2735 197 2784 bus
214 2734 315 2784 Romae
332 2733 473 2794 Lentulus,
490 2733 570 2784 sicuti
588 2732 661 2782 Cati·
682 2733 849 2795 principibus
871 2732 1023 2782 civitatium
1041 2739 1121 2782 notus
1137 2739 1195 2782 erat

147 2810 203 2860 lina
253 2816 432 2872 praeceperat,
477 2823 660 2874 quoscumque
682 2816 764 2873 atque
786 2825 832 2860 eos
854 2815 974 2860 noverat.
1018 2809 1115 2872 Itaque
1137 2811 1196 2858 sine

147 2887 266 2936 moribus
285 2891 333 2936 ant
352 2888 464 2937 fortuna
483 2887 561 2936 novis
581 2888 660 2937 rebus
683 2901 766 2946 mora,
779 2886 826 2935 nbi
838 2888 954 2950 primum
972 2888 1074 2949 legatos
1091 2888 1119 2936 in
1137 2887 1197 2935 1010

123 3019 124 3022 ¹
147 2963 258 3013 idoneos
278 2963 410 3026 credebat,
429 2970 478 3014 aut
495 2977 543 3026 per
562 2978 590 3014 se
613 2971 660 3013 aut
682 2965 833 3024 conspexit,
858 2969 1032 3026 percontatus
1054 2977 1141 3026 pauca
1163 2963 1196 3011 de

146 3054 194 3102 per
205 3040 272 3088 aiios
283 3039 454 3101 sollicitabat,
468 3053 556 3102 neque
573 3040 660 3090 solum
683 3044 756 3088 statu
767 3040 885 3090 civitatis
897 3048 923 3089 et
935 3040 1011 3103 quasi
1029 3039 1123 3090 dolens
1140 3040 1196 3090 eius

146 3117 222 3176 civis,
246 3117 292 3166 sed
317 3117 446 3179 cuiusque
474 3118 549 3167 modi
576 3131 661 3181 genna
683 3129 775 3165 casum
792 3117 926 3178 requirere
943 3117 1040 3178 coepit,
1054 3129 1134 3178 quem
1151 3129 1197 3164 ex·

147 3193 299 3250 hominum,
323 3193 477 3254 quodmodo
502 3194 572 3245 bello
600 3197 659 3245 usui
684 3192 750 3241 itum
764 3193 847 3241 tantia
856 3190 934 3241 malis
943 3199 1090 3254 sperarent.
1121 3193 1227 3242 Post-3

146 3269 224 3318 foret.
359 3334 361 3339 Ι
684 3281 764 3330 quam
779 3268 838 3318 ilios
849 3269 923 3318 videt
940 3269 1014 3330 queri
1031 3269 1065 3317 de
1082 3269 1197 3317 avaritia

178 3345 224 3394 40.
243 3345 330 3408 Igitur
347 3346 377 3395 P.
397 3347 537 3397 Umbreno
554 3349 660 3398 cuidam
683 3345 899 3406 magistratuum,
923 3359 1048 3394 accusare
1073 3353 1196 3395 senatum

146 3421 287 3484 negotium
301 3422 357 3482 dat,
371 3423 412 3472 uti
425 3422 527 3486 legatos
539 3424 663 3474 Aliobro-
684 3421 755 3483 quod
767 3422 794 3470 in
808 3435 839 3471 eo
850 3421 934 3471 auxili
948 3421 1016 3471 nihil
1029 3427 1107 3484 esset,
1118 3423 1197 3471 mise-

147 3512 210 3562 gum
233 3498 361 3560 requirat,
385 3513 493 3562 eosque,
518 3502 539 3550 si
568 3504 661 3563 possit,
685 3503 730 3552 riis
758 3503 814 3552 suis
842 3503 988 3552 remedium
1012 3509 1128 3553 mortem
1150 3517 1196 3552 ex-

147 3574 270 3637 impeiiat
290 3576 323 3624 ad
346 3577 504 3627 societatem
526 3577 597 3641 beili,
618 3593 663 3628 ex·
684 3584 813 3640 spectare,
827 3579 844 3604 “
854 3585 883 3629 at
895 3594 944 3643 ego
954 3580 971 3604 ”
983 3581 1072 3643 inquit
1082 3576 1101 3604 “
1110 3581 1195 3638 vobis,

148 3649 280 3696 istumans
290 3647 397 3710 publice
409 3651 590 3713 privatimque
602 3665 662 3700 aere
684 3656 706 3704 si
728 3657 807 3705 niodo
819 3657 869 3704 viri
887 3671 944 3706 esse
956 3657 1044 3717 voitis,
1064 3658 1196 3706 rationem

146 3724 236 3774 alieno
257 3739 408 3787 oppressos,
430 3732 569 3788 praeterea
590 3729 661 3790 quod
684 3733 833 3792 ostendam,
845 3747 897 3795 qua
906 3739 982 3782 tanta
992 3735 1043 3784 ista
1051 3733 1121 3782 mala
1130 3735 1198 3784 eifu-

147 3807 246 3851 natura
257 3801 660 3866 gensGaliicabeiiicosaesset,
683 3808 792 3870 giatis.”
838 3809 913 3858 Haec
940 3811 986 3858 ubi
1015 3809 1093 3872 dixit,
1123 3809 1227 3859 Aiioi

147 3878 229 3930 facile
250 3892 296 3930 eos
318 3879 353 3928 ad
374 3879 427 3930 tais
449 3880 594 3932 consilium
617 3883 663 3932 ad·
684 3883 778 3948 brogea
790 3885 818 3934 iu
830 3899 987 3937 maxumam
999 3901 1075 3951 spem
1087 3887 1195 3939 adducti
