2936 4376
264 303 325 368 292
612 271 684 364 Plio
708 314 739 364 r.
765 313 886 365 sunni
911 315 1059 365 onnrro.

312 509 398 575 quae
424 488 515 553 facta
539 495 654 554 contra
683 509 752 563 vos,
769 487 881 553 delata
907 487 951 552 ad
976 509 1045 564 vos
1072 509 1092 552 a
1117 487 1211 553 vobis
1230 489 1362 574 prolata

260 612 289 656 25
311 614 383 658 esse
414 587 562 668 dicitur,¹
578 613 641 678 ego
672 593 769 656 testis
800 611 871 656 esse
903 612 970 655 non
1002 593 1115 676 potui;
1155 614 1222 656 non
1261 591 1362 656 modo

312 698 422 762 animo
454 696 539 760 nihil
570 697 726 780 comperi,
758 695 818 760 sed
849 696 906 760 vix
938 694 981 758 cd
1011 717 1107 760 sures
1139 717 1228 761 meas
1260 696 1361 762 istius

262 806 298 868 13
313 800 512 886 suspicionis
552 799 641 863 fama
679 800 842 884 pervenit.
900 798 968 878 Qui
1009 799 1103 865 vobis
1143 801 1179 864 in
1218 801 1360 866 oonsilio

312 907 461 981 luerunt,
492 905 552 989 qui
590 903 761 968 vobiscum
800 903 857 967 iila
887 912 1086 990 cognorunt,
1118 904 1241 989 quibus
1277 905 1360 988 ipsis

312 1010 498 1095 periculum
527 1017 599 1072 tum
626 1005 763 1072 conflari
789 1005 981 1091 putubatur,
1009 1008 1070 1092 qui
1098 1007 1266 1076 Autronio
1291 1029 1361 1072 non

260 1129 289 1174 cc
311 1113 504 1187 adfuerunt,
533 1113 592 1196 qui
624 1112 659 1175 in
689 1111 785 1174 ilium
817 1111 1009 1176 testimonis
1039 1112 1155 1198 gravia
1186 1111 1358 1189 dixerunt,

312 1217 400 1281 hunc
428 1213 626 1291 defendunt,
644 1215 722 1278 huic
751 1213 886 1289 adsunt,
904 1214 938 1276 in
962 1214 1063 1279 huius
1084 1216 1232 1300 periculo
1252 1215 1361 1290 decla·

312 1330 388 1386 rant
409 1343 444 1385 sc
469 1341 535 1384 non
555 1320 691 1384 crimine
715 1318 967 1395 coniurationis,
985 1341 1026 1384 ne
1048 1319 1208 1384 adessent
1228 1322 1359 1397 ceteris,

311 1425 371 1492 sed
402 1425 574 1488 hominum
605 1423 768 1488 maleficio
799 1421 977 1487 deterritos
1009 1445 1090 1488 esse.
1143 1424 1212 1488 Mei
1243 1446 1362 1490 oonsu-

312 1532 400 1595 latus
426 1537 540 1593 autem
565 1537 697 1613 tempus
724 1535 760 1592 et
780 1527 906 1592 crimen
932 1527 1095 1594 maximae
1117 1529 1359 1594 coniurationis

260 1651 288 1694 m
311 1657 330 1700 a
357 1655 408 1697 me
436 1631 646 1697 defendetur.
708 1633 824 1716 Atque
850 1631 931 1696 haec
953 1632 1116 1698 internos
1138 1633 1275 1718 partitio
1291 1656 1360 1698 non

319 1746 371 1803 cst
406 1736 556 1811 fortuito,
598 1734 734 1809 iudices,
772 1756 831 1799 neo
868 1743 992 1800 temere
1032 1735 1139 1812 facta3
1177 1736 1246 1813 scd,
1281 1759 1360 1803 cum

312 1841 502 1906 videremus
537 1861 653 1904 eorum
686 1840 863 1904 criminum
902 1860 961 1904 nos
1001 1848 1158 1924 patronos
1197 1840 1359 1918 adhiberi,

312 1966 456 2031 quorum
472 1953 574 2009 testes
594 1965 665 2008 esse
689 1965 871 2028 possemus,
896 1952 1037 2028 uterque
1062 1953 1215 2009 nostrum
1237 1944 1272 2009 id
1294 1945 1359 2010 sibi

260 2068 289 2112 39
311 2048 561 2133 suscipiendum
585 2049 730 2133 putavit,
748 2046 788 2112 dc
813 2069 880 2132 quo
908 2047 1038 2133 aliquid
1059 2049 1143 2113 scire
1169 2050 1239 2134 ipse
1254 2059 1359 2135 atque

261 2160 298 2221 14
312 2155 503 2220 existimare
535 2153 708 2238 potuisset.
767 2169 801 2216 v.
834 2151 880 2215 Et
910 2153 1067 2237 quoniam
1094 2152 1135 2218 de
1162 2153 1358 2219 criminibus

310 2259 491 2344 superioris
508 2257 746 2322 coniurationis
767 2255 986 2320 Hortensium
1006 2256 1187 2343 diligenter
1203 2257 1358 2335 audistiS,

310 2363 352 2428 de
380 2363 440 2427 hac
462 2363 711 2437 coniuratione,
738 2381 829 2445 quae¹
856 2382 907 2424 me
935 2361 1072 2426 consule
1097 2360 1186 2426 iacta
1210 2370 1270 2440 est,
1294 2361 1359 2428 hoc

311 2469 454 2554 primum
478 2464 653 2530 attendite.
1064 2487 1067 2490 ·

274 2589 288 2632 s
357 2570 480 2648 Multa,
506 2592 582 2635 cum
609 2590 715 2634 essem
743 2569 870 2644 consui,
896 2568 938 2634 de
965 2570 1104 2634 summis
1133 2570 1180 2634 rei
1204 2569 1359 2655 publicae

342 2778 404 2840 §13-
424 2775 525 2826 26-29.
543 2776 653 2831 animo.
663 2780 711 2824 not
721 2774 822 2824 needed
846 2775 877 2824 be
894 2774 999 2837 strictly
1012 2781 1122 2826 correct.
1156 2774 1296 2832 fortuito,
1313 2779 1361 2826 ts·

310 2856 353 2905 ior
361 2855 409 2904 the
420 2866 506 2912 sense,
520 2853 569 2902 but
583 2852 701 2901 inserted
721 2855 750 2901 to
769 2850 824 2900 bal·
845 2863 935 2909 mere.
961 2851 1174 2914 ‘accidentally,’
1207 2852 1356 2915 ‘blindiyt’

310 2931 423 2982 ancead
432 2943 530 2980 cures:
542 2929 576 2979 ci,
592 2929 614 2978 Ι.
626 2928 671 2977 12.
681 2930 720 2978 28.
750 2940 823 2977 oon·
846 2929 892 2977 the
910 2928 966 2978 first
982 2928 1094 2978 denotet
1112 2941 1184 2978 mere
1201 2929 1315 2978 absence
1328 2930 1361 2980 of

310 3008 395 3058 silio:
407 3020 451 3057 see
462 3020 498 3056 on
511 3006 533 3056 1.
546 3005 571 3053 2.
586 3007 627 3066 11;
639 3006 702 3054 here
715 3005 779 3055 used
794 3006 823 3056 oi
846 3003 993 3066 reflection;
1013 3005 1058 3054 the
1075 3004 1163 3066 latter,
1178 3004 1293 3056 reckiess
1305 3005 1362 3055 dis-

311 3086 358 3134 the
385 3097 470 3147 group
492 3083 521 3132 oi
549 3082 667 3132 advisere
695 3083 822 3144 gatlrered
845 3081 939 3144 regar-d
956 3081 986 3130 oi
1002 3081 1048 3130 the
1065 3081 1279 3132 consideratione
1297 3095 1361 3145 sug-

312 3161 397 3210 round
412 3161 469 3209 him
488 3160 522 3222 by
534 3160 581 3208 the
603 3158 709 3208 consul:
727 3160 762 3208 ci.
777 3160 823 3208 the
845 3157 936 3220 gested
955 3158 989 3219 by
1008 3156 1152 3208 reiiection.
1185 3157 1361 3207 ,eriminum

311 3237 432 3287 cabinets
449 3237 479 3285 oi
496 3235 714 3297 ourpresidents.
751 3247 823 3284 oon·
845 3236 1002 3295 patronos.
1017 3232 1062 3283 ‘us
1076 3233 1218 3284 advocates
1236 3239 1265 3284 to
1283 3241 1361 3284 svert

311 3313 413 3368 liuta
429 3312 543 3362 lavorite
558 3312 629 3362 word
644 3312 710 3360 with
730 3310 824 3360 Cicero
846 3311 893 3359 tire
915 3310 1044 3372 charges!
1091 3310 1158 3360 This
1183 3325 1230 3360 use
1252 3311 1282 3360 oi
1309 3324 1362 3372 pa·

312 3391 355 3439 ior
382 3389 522 3439 malicious
548 3389 602 3438 and
631 3388 824 3438 underhcnded
847 3389 941 3436 tronus
960 3386 1003 3436 ior
1017 3399 1070 3435 one
1086 3387 1148 3435 who
1165 3393 1254 3436 averte
1273 3401 1362 3436 some-

312 3466 493 3529 proceediugs.
847 3465 925 3526 thing
936 3465 958 3514 is
970 3464 1095 3524 unusual,
1109 3465 1214 3528 though
1233 3464 1362 3526 defensor

343 3541 443 3591 34-37.
462 3541 586 3598 crimen.
604 3547 668 3590 etc:
691 3541 726 3590 cf.
748 3541 762 3602 ς
785 3542 822 3590 12.
847 3543 869 3591 is
880 3542 956 3592 oiteu
968 3556 999 3591 so
1011 3542 1084 3592 used.

314 3621 351 3670 18.
386 3618 553 3672 maximae:
571 3619 617 3666 the
629 3617 790 3680 superlative
802 3618 824 3666 is

312 3697 467 3746 sometimes
484 3694 549 3744 used
570 3694 667 3755 iooseiy
684 3695 713 3743 in
733 3693 822 3753 Latin,
878 3692 942 3750 §14-
961 3693 1243 3751 amanuensium
1255 3694 1361 3744 sudis-

312 3786 343 3822 cs
352 3773 379 3820 in
390 3771 513 3835 English,
523 3771 623 3819 forone
632 3771 661 3818 oi
674 3777 726 3818 two
734 3771 825 3832 things
847 3769 896 3826 tls,
908 3784 933 3832 p.
949 3772 987 3831 16,
1000 3772 1013 3830 t
1025 3771 1048 3820 9.
1084 3769 1149 3828 hac,
1163 3771 1225 3821 ‘the
1238 3771 1358 3828 recent;’

312 3848 385 3923 only,
395 3848 483 3907 where
491 3847 539 3905 the
550 3847 729 3920 comparative
739 3846 826 3906 would
847 3859 891 3906 see
908 3860 942 3897 on
963 3847 1038 3901 illoto.
1057 3848 1104 3902 tv,
1124 3847 1150 3901 9.
1162 3849 1185 3906 6.
