2936 4376
475 317 556 370 one.
583 319 669 383 17-18,
693 321 707 383 s
729 321 817 373 iser.
1150 313 1213 382 321

114 489 325 556 consulatum
344 490 437 556 vobis
454 490 647 577 eripiebant,
660 492 778 558 honori
792 499 905 560 vestro
918 495 1160 582 repugnabant,

114 603 149 661 et
179 603 291 660 tamen
322 594 357 659 id
383 595 544 662 inviolata
566 604 678 662 vestra
708 599 864 675 amicitia,
889 598 1020 686 integro
1044 599 1162 680 officio,
1185 618 1215 665 ao

113 707 226 766 vetere
242 701 396 784 exemplo
419 707 521 784 atque
545 701 702 766 instituto
729 703 848 788 optimi
875 703 1040 789 cuiusque
1063 704 1161 772 facie·

113 804 204 870 bant.
243 821 352 868 xviii.
377 804 450 890 Ego
468 827 546 871 vero
559 806 684 891 quibus
700 807 904 872 ornamentis
920 807 1078 874 adversor
1093 812 1160 876 tuis
1173 816 1214 878 to

113 918 173 975 aut
193 911 249 976 cui
265 909 425 996 dignitati
441 917 570 976 vestrae
588 912 762 997 repugno?
801 910 894 991 Quid
909 920 970 990 est,
987 913 1159 998 quodiam

112 1014 240 1082 abhoc
264 1015 428 1100 expetas?
483 1015 599 1080 Honos
623 1014 666 1079 ad
689 1023 828 1100 patrem,
854 1017 999 1104 insignia
1024 1018 1158 1084 honoris

112 1118 155 1183 ad
186 1126 219 1185 te
250 1119 361 1186 delata
384 1126 473 1184 sunt.
512 1118 573 1183 'Tu
596 1126 735 1186 ornatus
766 1120 899 1186 exuviis
929 1121 1030 1188 huius
1062 1126 1158 1189 venis

112 1223 246 1289 adeum
263 1222 486 1300 lacerandum,
503 1245 604 1309 quem
625 1225 836 1301 interemisti,
853 1247 917 1312 ego
940 1227 1103 1293 iacentem
1126 1237 1161 1294 et
1197 1245 1212 1292 o

111 1329 291 1413 spoliatum
308 1327 453 1392 defendo
469 1335 504 1392 et
520 1335 668 1416 protego.
716 1330 832 1415 Atque
856 1329 910 1394 hic
935 1337 973 1395 tu
997 1339 1032 1396 et
1055 1354 1161 1416 repre·

111 1432 229 1498 hendis
246 1455 309 1509 me,
326 1433 406 1517 quia
421 1432 611 1508 defendam,
628 1441 663 1498 et
679 1433 851 1509 irasceris3
875 1456 938 1522 ego
953 1442 1065 1501 autern
1090 1459 1157 1502 non

112 1537 210 1603 modo
223 1537 285 1602 tibi
300 1559 367 1601 non
383 1537 515 1613 irascor,
528 1536 587 1602 sed
603 1559 645 1602 ne
661 1537 868 1622 reprehendo
881 1538 1017 1623 quidem
1030 1539 1158 1606 iactum

111 1650 220 1707 tuum.
266 1642 315 1707 Te
330 1642 419 1706 enim
436 1642 591 1706 existimo
608 1641 669 1706 tibi
684 1642 853 1718 statuisse,
870 1642 954 1727 quid
966 1642 1157 1710 faciendum

110 1755 257 1833 putares
289 1754 325 1813 et
360 1747 441 1811 satis
478 1745 637 1811 idoneum
677 1745 777 1810 officii
815 1748 866 1810 tui
904 1747 1049 1814 iudicem
1087 1772 1159 1818 csse
1183 1768 1212 1813 10

111 1853 270 1938 potuisse.

155 1957 207 2021 At
220 1963 355 2021 accusat
370 1955 409 2020 O.
426 1955 562 2020 Corneli
578 1954 678 2031 filius,
695 1962 731 2020 et
745 1953 780 2019 id
795 1977 902 2041 aeque
918 1956 1029 2022 valere
1051 1956 1161 2035 debet,
1174 1964 1210 2026 51

110 2062 192 2127 acsi
208 2059 491 2146 paterindicaret.
538 2059 569 2124 O
589 2067 718 2144 patrem
741 2058 935 2125 Cornelium
959 2062 1156 2145 sapientem,

110 2167 181 2252 qui,
198 2164 290 2250 quod
302 2165 438 2250 praemii
454 2164 540 2230 solet
558 2185 630 2228 esse
654 2163 689 2226 in
712 2163 847 2240 indicio,
864 2165 1049 2249 reliquerit,
1066 2167 1158 2251 quod

111 2269 332 2355 turpitudinis
353 2271 398 2358 in
424 2268 644 2344 confessione,
673 2267 708 2332 id
734 2291 795 2352 per
820 2271 1069 2335 accusationem
1096 2271 1157 2336 filii
1182 2289 1212 2334 15

143 2484 623 2549 550.1-⁷.0mamenus‘maris
645 2497 675 2534 as
692 2484 869 2546 subscriptor:
892 2497 936 2534 see
958 2484 1008 2534 Ex.
1034 2484 1072 2534 11.
1097 2486 1111 2547 5
1133 2485 1157 2538 7.

109 2563 420 2624 othonor’=insi9nic,
430 2561 480 2611 i.3.
506 2562 570 2610 tuis
582 2596 587 2610 .
599 2595 622 2610 ..
646 2557 676 2608 0.
690 2559 829 2610 corneli:
847 2573 891 2610 see
908 2575 942 2610 on
959 2561 1024 2622 518.
1039 2561 1078 2611 11.

109 2643 249 2690 wutrae:
266 2640 301 2688 ct.
317 2640 330 2701 ξ
347 2639 386 2688 32.
406 2640 430 2698 6,
447 2637 501 2688 and
513 2637 622 2700 explain
676 2635 723 2685 la.
752 2636 920 2686 indicaret:
949 2637 991 2686 for
1009 2638 1098 2698 mood,
1123 2639 1157 2688 Δ.

110 2717 322 2767 tiredifference.
347 2713 623 2778 quodiam=quod
648 2711 716 2775 312;
742 2709 776 2764 G.
804 2711 868 2775 604;
896 2710 934 2763 H.
962 2712 1012 2766 513
1038 2712 1094 2778 II.;
1125 2715 1157 2768 B.

109 2795 167 2844 tam
188 2793 315 2854 amplius,
334 2793 357 2843 1.
377 2791 402 2841 6.
421 2794 442 2841 1.
477 2791 622 2852 iusignia:
648 2788 733 2840 3071.

110 2883 141 2919 so
160 2869 203 2918 iar
221 2882 250 2918 as
269 2882 308 2917 we
327 2868 417 2928 know,
435 2868 482 2916 tire
498 2866 563 2929 only
579 2879 624 2914 ex·
676 2864 724 2914 14.
750 2865 835 2926 quod
864 2866 1005 2927 praemii:
1036 2868 1063 2916 in
1092 2869 1159 2918 such

109 2945 198 2995 ternal
229 2945 388 2995 distinction
418 2943 533 2994 which
563 2943 623 2990 tire
645 2955 718 2990 cases
742 2942 787 2991 the
816 2948 884 3003 part.
913 2955 973 3004 gen.
999 2943 1021 2992 is
1044 2956 1059 2991 a
1087 2957 1159 2994 mere

109 3035 231 3085 younger
243 3021 396 3082 Torquatus
413 3019 491 3068 could
509 3019 571 3081 gain
589 3019 623 3080 by
645 3019 749 3080 caprice
766 3018 796 3068 ot
813 3019 860 3068 the
873 3019 975 3080 writer3
992 3020 1067 3080 quod
1077 3033 1159 3080 prue-

109 3095 280 3148 histatlrer'e
293 3094 427 3145 elevation
449 3100 477 3144 10
497 3095 542 3144 tire
560 3108 623 3143 con·
645 3097 728 3144 orium
747 3094 835 3144 would
865 3108 974 3157 express
1005 3096 1051 3145 the
1085 3110 1158 3146 same

109 3172 216 3235 suiship
237 3172 325 3222 would
349 3171 382 3220 be
405 3171 452 3219 the
474 3168 622 3220 additional
646 3172 713 3221 idea.
749 3171 859 3220 Forthe
872 3172 989 3221 rewards
1007 3171 1106 3221 offered
1124 3173 1159 3236 by

109 3252 173 3301 bust
192 3251 222 3300 oi
240 3264 256 3299 a
274 3249 399 3300 consular
415 3249 443 3298 in
456 3249 498 3298 his
511 3249 620 3298 atrium.
646 3249 691 3296 the
706 3253 799 3297 senate
811 3262 855 3298 see
867 3260 903 3297 on
916 3247 966 3298 IV.
980 3247 1006 3296 ⁵.
1020 3251 1057 3298 ll.

109 3327 210 3384 1110,οε
229 3327 257 3376 in
278 3328 290 3386 §
312 3328 390 3375 21.1.
426 3325 500 3386 quie
519 3323 623 3373 defen·
676 3325 722 3373 15.
740 3324 947 3382 confessione,
968 3324 1023 3385 i.e.,
1043 3325 1090 3374 the
1109 3327 1159 3374 mi-

110 3403 190 3459 dam,
200 3403 328 3452 ‘because
338 3403 379 3462 (as
387 3415 438 3462 you
445 3400 504 3462 say)
514 3399 535 3460 I,
545 3404 595 3448 010.
604 3399 621 3447 τ’
645 3407 711 3450 nute
726 3401 902 3451 information
915 3401 1039 3464 supplied
1054 3402 1089 3465 by
1101 3403 1158 3452 irim

110 3481 157 3529 the
170 3479 249 3528 mood
261 3479 284 3528 is
295 3479 347 3528 due
359 3483 387 3526 to
400 3478 446 3526 tire
464 3477 582 3538 thought
594 3476 624 3524 ot
646 3482 676 3527 10
697 3478 739 3527 iris
759 3491 808 3527 son
829 3477 908 3526 could
929 3478 999 3528 have
1018 3478 1087 3530 been
1103 3479 1158 3528 iur-

110 3556 272 3618 Torquatus,
286 3562 335 3604 not
347 3559 375 3604 10
386 3555 462 3615 quia.
646 3554 741 3603 nished
751 3553 814 3615 only
824 3555 858 3615 by
867 3568 941 3604 some
949 3568 1001 3605 one
1009 3555 1157 3604 connected

143 3634 156 3694 5
179 3634 219 3682 51.
249 3632 294 3680 12
323 3631 369 3679 At
396 3633 533 3686 accunt,
559 3628 623 3677 ‘but
646 3630 711 3678 with
725 3631 771 3678 the
783 3630 848 3692 plot.
879 3630 1021 3680 Cornelius
1030 3631 1077 3680 the
1086 3631 1159 3680 elder

110 3724 163 3771 you
183 3723 238 3769 say,
252 3707 332 3757 etc.:'
351 3707 394 3755 tor
411 3706 466 3755 this
484 3719 530 3755 use
548 3706 577 3754 oi
594 3709 623 3754 01
646 3707 699 3756 had
722 3711 771 3756 not
793 3707 890 3756 turned
908 3707 1002 3757 state’s
1019 3707 1156 3768 evidence,

6 3799 7 3802 ’
110 3801 154 3837 see
171 3801 206 3837 on
227 3786 296 3835 Mur.
316 3784 362 3833 35.
380 3785 401 3833 Ι.
444 3786 558 3836 accusat
576 3784 624 3832 im·
645 3783 694 3832 but
711 3782 764 3831 irad
785 3783 851 3832 been
872 3783 951 3842 tried,
965 3781 1049 3834 found
1061 3783 1156 3848 guilty,

109 3863 178 3929 plies
200 3863 262 3912 thet
290 3861 432 3912 Cornelius
455 3874 508 3910 was
533 3861 624 3922 acting
645 3859 854 3921 andpunished.
889 3859 920 3909 P.
933 3859 1052 3921 40,§71.
