2924 4372
510 310 591 369 car.
615 315 640 379 a,
665 312 679 380 a
703 315 789 368 12-14.
1137 299 1200 370 123

99 515 118 556 a
149 490 305 568 Catilina,
336 493 371 555 in
402 497 567 556 nocturno
605 498 775 556 conventu
806 490 897 576 apud
928 491 976 555 Μ.
1010 490 1150 556 Laecam

100 596 221 662 fuisset
235 618 350 661 neone.
397 595 483 660 Cum
501 596 558 660 ille
574 596 673 660 homo
685 594 926 660 audacissimus
943 597 1149 662 conscientia

99 702 274 765 convictus
305 701 411 785 primo
441 700 641 776 reticuisset,
669 698 814 783 patefeci
841 685 968 775 cetera}
1001 700 1084 786 quid
1110 722 1149 766 ea

99 812 197 870 nocte
217 805 350 890 egisset,
367 803 451 888 quid
469 804 503 866 in
524 804 709 888 proximam
727 804 968 880 constituisset,
986 826 1085 889 quem
1106 803 1149 868 ad

99 906 234 972 modurn
266 916 356 972 esset
386 909 416 972 ei
448 908 533 972 ratio
565 907 670 972 totius
701 906 781 972 belli
814 906 992 992 descripta,
1019 907 1148 973 edocui.
1171 925 1201 970 ao

100 1010 187 1075 Cum
203 1011 390 1087 haesitaret,
405 1033 482 1076 cum
499 1018 679 1087 teneretur,
698 1011 861 1095 quaesivi,
880 1010 964 1096 quid
979 1011 1150 1078 dubitaret

98 1114 261 1200 proficisci
286 1135 336 1192 eo,
353 1137 421 1200 quo
444 1116 509 1179 iam
537 1114 667 1199 pridem
693 1123 834 1200 pararet,
852 1138 927 1180 cum
951 1137 1052 1194 arma,
1072 1139 1148 1183 cum

98 1241 240 1296 secures,
268 1242 346 1284 cum
372 1219 489 1297 fasces,
518 1241 596 1285 oum
623 1219 731 1295 tubas,
761 1242 838 1285 cam
861 1222 958 1308 signa
982 1222 1147 1298 militaria,

98 1346 175 1389 eum
190 1325 338 1409 aquilam
353 1325 444 1389 illam
461 1333 664 1411 argenteam,
687 1325 742 1389 cui
768 1325 823 1390 ille
845 1326 943 1392 etiam
967 1328 1148 1391 sacrarium
1170 1343 1199 1388 aa

97 1427 188 1493 domi
203 1449 282 1494 suae
298 1428 434 1505 iecerat,
450 1430 568 1494 scirem
586 1451 656 1494 esse
675 1431 896 1514 praemissam.
943 1430 983 1493 ln
1006 1431 1145 1495 exilium
1161 1433 1200 1495 14

96 1532 265 1610 eiciebam,
280 1554 383 1618 quem
397 1535 462 1597 iarn
478 1534 667 1620 ingressum
683 1555 754 1600 esse
771 1534 804 1596 in
829 1533 955 1598 bellum
971 1533 1148 1599 videbam?

98 1637 245 1714 Etenim,
284 1637 393 1713 erede,
432 1638 580 1702 Manlius
615 1639 678 1703 iste
718 1638 880 1715 centurio,
918 1639 1040 1722 quiin
1066 1660 1147 1726 agro

98 1742 285 1808 Faesulano
311 1751 419 1808 castra
449 1744 573 1827 posuit,
602 1741 728 1815 bellum
754 1743 879 1827 populo
907 1743 1056 1806 Romano
1085 1765 1147 1808 suo

97 1847 230 1912 nomine
247 1846 380 1923 indixit,
398 1855 434 1912 et
448 1847 507 1911 illa
523 1855 632 1912 castra
645 1869 735 1911 nunc
751 1868 819 1910 non
836 1845 1014 1910 Catilinam
1027 1845 1146 1911 ducem

96 1958 287 2036 expectant,
311 1959 346 2016 et
364 1951 420 2016 ille
446 1953 572 2018 eiectus
597 1951 632 2014 in
660 1950 798 2016 exilium
826 1971 861 2014 se
886 1949 1080 2027 Massiliam,
1107 1960 1148 2017 ut
1169 1965 1199 2012 ao

96 2057 203 2132 aiunt,
220 2077 287 2119 non
304 2056 339 2119 in
356 2056 436 2120 haec
454 2064 562 2120 castra
578 2053 738 2119 conferet.

96 2258 185 2308 alcio.
230 2257 324 2307 Cicero
349 2261 442 2319 quotes
472 2253 770 2370 iaculoallypmodm
784 2251 880 2302 ‘hom’
916 2252 960 2301 al:
983 2251 1066 2302 ease?
1095 2253 1146 2304 See

95 2335 143 2384 the
154 2335 252 2397 charge
262 2334 291 2383 oi
302 2333 349 2383 the
359 2332 482 2394 improbi.
517 2329 610 2381 veha-
634 2344 669 2379 on
683 2329 772 2390 1.,16.
786 2331 823 2378 10.
858 2327 1051 2377 ratiototiua
1063 2327 1146 2387 balli,

95 2422 184 2460 mana
206 2409 260 2459 illa
282 2409 401 2459 consui
446 2409 505 2458 The
528 2407 610 2456 Latin
635 2406 697 2455 ‘the
721 2404 982 2468 vholeeampaign.’

75 2543 77 2546 ,
96 2487 181 2536 idiom
196 2487 261 2536 does
278 2492 327 2536 not
338 2484 485 2548 ordinarily
496 2489 611 2534 connect
664 2483 710 2540 22,
722 2481 767 2531 23.
785 2481 958 2542 proficisci:
975 2481 1078 2531 mood?
1094 2481 1145 2533 Sea

95 2564 243 2626 adjectivae
268 2563 298 2612 oi
324 2563 412 2625 praise
440 2561 494 2610 and
522 2560 610 2610 blame
632 2573 668 2608 on
686 2559 719 2619 L,
737 2556 834 2606 1221.
870 2557 1062 2617 oumcausah
1076 2558 1145 2608 with

94 2639 209 2702 direotly
222 2639 290 2688 with
307 2653 400 2688 names
417 2638 471 2687 and
489 2635 563 2686 titles
581 2637 610 2685 oi
631 2633 686 2681 -t’
718 2643 791 2680 cam
810 2643 902 2688 arma,
919 2642 991 2679 oum
1010 2641 1144 2688 accures.

93 2729 215 2779 persons.
251 2715 370 2773 Instead,
384 2714 430 2763 the
442 2713 575 2775 adjective
587 2711 609 2761 is
632 2721 710 2766 cum,
719 2714 770 2757 etc.
800 2707 884 2757 What
894 2707 977 2769 figure
986 2707 1015 2757 oi
1023 2708 1144 2769 speech?

94 2792 201 2855 usually
209 2791 349 2855 separated
359 2791 429 2839 irom
438 2790 484 2838 the
492 2803 565 2838 noun
576 2789 610 2850 by
631 2783 681 2832 See
701 2796 736 2831 on
757 2782 791 2841 1.‚
814 2783 836 2830 l.
858 2781 882 2830 3.
918 2795 1005 2840 crarta,
1027 2795 1142 2842 secures,

94 2869 132 2932 (a)
146 2883 182 2918 an
194 2869 347 2931 appositive
361 2869 417 2926 (see
428 2880 463 2915 on
480 2866 514 2924 1.,
531 2865 557 2914 4.
569 2866 607 2925 4),
631 2865 693 2919 etc,
710 2858 860 2920 indicating
877 2857 919 2906 hia
938 2858 1097 2919 usurpation
1114 2857 1144 2908 oi

92 2945 245 3007 orthlille.
281 2943 471 2993 civiatcasei
488 2943 522 2991 cf.
537 2943 609 2991 arni·
632 2936 678 2984 the
711 2934 837 2984 consular
869 2947 967 2996 power.
1009 2944 1144 2991 securas,

93 3024 137 3084 lta,
148 3023 195 3084 §a
206 3023 230 3072 3.
265 3015 372 3079 ventio,
382 3021 415 3069 ‘a
426 3032 498 3069 mere
507 3017 607 3069 word:’
630 3012 749 3060 sum:
767 3025 811 3060 ⁵00
822 3025 849 3073 p·
862 3011 903 3068 64,
917 3011 947 3072 §i
959 3010 998 3059 54·
1012 3010 1051 3059 55·

93 3100 169 3149 what
180 3099 203 3148 is
215 3097 332 3148 referred
345 3097 397 3147 to?
663 3089 709 3137 24.
727 3087 874 3149 aquilam:
893 3101 936 3136 see
949 3101 985 3136 on
998 3087 1031 3147 I.,
1044 3086 1090 3134 24.
1102 3087 1142 3137 28.

124 3175 172 3233 16,
183 3175 229 3222 17.
247 3186 266 3223 a
278 3173 417 3230 Catilina,
430 3172 529 3222 ‘asked
547 3171 609 3221 Cat·
630 3165 729 3214 illam:
747 3164 897 3227 meanlng?
913 3164 963 3214 See
981 3164 1042 3225 on§
1062 3165 1083 3214 1.
1104 3164 1142 3214 10.

92 3250 179 3302 ilina’
215 3251 259 3300 Do
281 3256 330 3299 not
353 3247 485 3300 translate
508 3263 533 3298 o.
572 3249 605 3298 A.
630 3240 1079 3301 sacrarium:see0n1.,24.30.

90 3329 295 3390 2390,n0ae1;
312 3327 346 3377 G.
361 3327 417 3386 330,
432 3327 506 3375 Rem.
525 3327 552 3386 23
570 3325 605 3374 Η,
663 3321 677 3382 ξ
691 3321 728 3368 14.
747 3319 793 3368 27.
811 3317 914 3374 credo.
945 3315 1144 3380 parenthetical

90 3407 151 3470 374,
174 3406 242 3456 note
263 3405 292 3467 4;
318 3402 350 3454 Β.
368 3403 417 3454 178
427 3401 466 3466 o).
500 3403 607 3451 luisset
630 3397 683 3446 and
697 3394 808 3445 ironioal
820 3408 850 3445 as
858 3394 935 3444 often
947 3394 1007 3453 (not
1016 3392 1144 3456 alu'aysl:

90 3493 196 3538 necne.
211 3478 357 3532 ‘whether
368 3493 401 3530 or
411 3478 478 3530 not’
506 3478 539 3528 A.
548 3479 606 3541 211,
630 3475 690 3535 give
709 3486 744 3521 an
765 3470 888 3534 example
912 3471 983 3519 from
1007 3470 1041 3531 1.,
1059 3468 1085 3518 5.
1101 3471 1141 3520 20.

92 3575 126 3617 a:
149 3556 184 3609 G.
201 3557 261 3620 461,
277 3557 338 3618 400;
357 3554 395 3605 H.
406 3556 465 3619 353,
488 3559 556 3606 nole
575 3554 591 3604 3
599 3571 605 3617 ;
630 3550 705 3599 iata:
726 3549 855 3610 meaning
873 3547 962 3596 here?
994 3546 1043 3596 See
1060 3546 1142 3607 on1.,

92 3635 125 3686 B.
135 3634 185 3686 162
195 3635 221 3684 4.
240 3631 345 3681 homor
368 3629 451 3682 could
467 3629 515 3682 vir.
533 3629 607 3682 have
630 3626 706 3677 2-17.

91 3705 268 3761 beenused?
304 3703 550 3769 See0111.,1a.4.
661 3702 707 3751 30.
725 3701 917 3750 Massiliam:
934 3701 1018 3751 casei
1050 3699 1144 3762 Aoity

123 3782 229 3834 lano.
246 3793 285 3832 ea
314 3783 417 3838 nocta,
440 3779 473 3828 in
504 3779 608 3840 proxi·
632 3778 785 3841 (originally
796 3793 812 3827 a
825 3778 914 3827 Greek
928 3776 1036 3839 colony)
1051 3777 1079 3826 ln
1096 3777 1143 3825 the

89 3871 189 3911 mama
206 3872 252 3910 sec
263 3871 290 3922 p.
308 3857 349 3920 30,
368 3856 433 3920 §aa
458 3866 551 3920 quam
567 3854 609 3906 ad
630 3855 713 3906 south
733 3854 764 3905 of
786 3853 884 3918 Gallia,
908 3852 938 3903 oi
959 3851 1144 3904 considerable
