2870 4376
221 283 287 352 504
564 296 636 348 rao
660 297 691 348 r.
714 297 840 348 snsrro
863 296 1012 350 aarum.

274 473 438 536 iacentem
455 469 758 555 moribundumque
781 467 930 546 vidistis3
955 469 1092 535 alterius
1113 467 1243 536 'tribuni
1266 467 1329 556 pi,

274 575 418 640 hominis
437 574 563 658 (dicam
579 574 678 650 enim,
696 573 789 659 quod
803 561 923 651 sentio,
941 582 976 639 et
993 574 1085 659 quod
1100 597 1230 640 mecum
1253 597 1333 640 sen-

274 682 366 744 tiunt
394 681 528 762 omnes)
556 678 672 754 divini,
702 679 825 765 insigni
858 679 1012 763 quadarn,
1043 679 1206 756 inaudita,
1237 701 1331 746 nova

222 803 252 849 3ο
274 782 505 870 magnitudine
529 783 641 858 animi,
665 783 840 868 gravitate,
858 781 922 846 fide
949 781 1103 866 praediti,
1131 783 1249 847 domus
1274 792 1332 849 est

223 893 263 955 86
275 894 470 972 oppugnata
485 886 581 961 ferre,
596 884 733 962 facibus
747 886 898 950 exercitu
915 884 1089 950 Clodiane.
1135 904 1193 950 xn.
1227 887 1274 952 Et
1286 895 1329 951 tu

220 1049 222 1054 .
276 991 338 1055 boc
361 991 434 1054 loco
458 987 586 1053 laudas.
602 989 764 1054 Milonem
788 998 824 1054 et
845 990 917 1053 iure
933 989 1063 1055 laudas„
1110 990 1220 1073 Quem
1235 992 1331 1055 enim

250 1115 438 1180 ¹umquam
468 1093 578 1158 virum
609 1100 677 1157 tam
707 1094 888 1158 immortali
915 1095 1042 1159 virtute
1070 1093 1240 1160 vidimus?
1266 1097 1331 1179 qui

274 1199 369 1262 nullo
387 1197 532 1283 praemio
549 1198 718 1282 proposito
730 1205 861 1282 praeter
874 1197 946 1274 hoc,
958 1198 1126 1282 quodiam
1142 1199 1331 1264 contritum

238 1320 253 1364 u
277 1311 310 1368 et
333 1309 562 1385 contemptum
590 1308 739 1386 putatur,
757 1301 918 1366 iudicium
937 1303 1099 1367 bonorum
1116 1305 1227 1368 omnia
1243 1306 1334 1389 peri-

277 1406 362 1483 cula,
380 1426 527 1470 summos
556 1404 696 1482 labarae,
714 1407 929 1492 gravissimas
958 1409 1192 1473 contentiones
1219 1409 1333 1474 inimi·

277 1511 440 1594 citiasque
468 1510 626 1594 suscepit,
643 1510 703 1595 qui
731 1510 814 1574 mihi
842 1532 930 1575 unus
959 1533 999 1575 ex
1025 1511 1178 1577 omnibus
1195 1513 1333 1578 civibus

277 1613 411 1678 videtur
438 1634 473 1678 re
502 1611 663 1690 docuisse,
693 1635 761 1677 non
793 1615 913 1692 verbis
942 1622 976 1679 et
1004 1615 1088 1701 quid
1115 1624 1287 1701 oporteret
1312 1638 1334 1681 a

277 1716 523 1803 praestantibus
541 1717 621 1782 viris
638 1717 673 1780 in
696 1740 731 1783 re
762 1719 896 1803 publica
924 1720 994 1784 fieri
1021 1720 1164 1806 etquid
1190 1743 1332 1787 necesse

224 1836 253 1882 ιο
275 1829 372 1900 esset,
389 1829 541 1907 oportere
559 1821 732 1886 hominum
750 1823 926 1888 audacium
955 1845 1145 1889 eversorum
1173 1827 1221 1890 rei
1247 1826 1335 1911 pub

276 1928 358 1992 licae
374 1926 490 1992 sceleri
506 1925 638 2013 legibus
662 1934 697 1992 et
725 1927 859 1991 iudiciis
887 1914 1062 2003 resistere3
1086 1929 1115 1993 si
1138 1929 1229 2016 leges
1258 1952 1333 1996 non

276 2033 434 2109 valerent,
451 2032 575 2097 iudicia
600 2054 668 2097 non
691 2011 811 2106 essent,
828 2032 857 2096 si
881 2053 931 2096 res
948 2031 1082 2117 publica
1099 2033 1133 2097 vi
1148 2055 1334 2101 consensu-

276 2158 342 2222 que
369 2136 544 2202 audacium
574 2137 675 2202 armis
702 2157 857 2220 oppressa
888 2142 1068 2213 teneretur,
1096 2137 1261 2221 praesidio
1295 2149 1334 2205 et

276 2241 380 2325 copiis
408 2239 545 2306 defendi
574 2241 679 2305 vitam
707 2248 742 2304 et
763 2239 949 2304 libertatem
969 2261 1103 2305 neccsse
1121 2261 1210 2305 esses
1250 2241 1330 2308 Hoc

223 2361 252 2406 15
274 2345 398 2410 sentire
415 2344 612 2429 prudentiae
630 2352 691 2421 est,
706 2343 814 2409 facere
829 2343 1050 2420 fortitudinis,
1064 2351 1099 2408 et
1110 2346 1234 2409 sentire
1246 2367 1330 2411 vero

224 2451 263 2513 87
275 2455 309 2512 et
335 2448 444 2514 iacere
472 2448 639 2533 perfectae
667 2449 925 2532 cumulataeque
955 2448 1103 2513 virtutis.
1161 2447 1262 2511 Adiit
1285 2450 1333 2514 ad

275 2575 344 2617 rem
361 2552 527 2637 publicam
541 2553 696 2617 tribunus
708 2553 751 2637 pl.
766 2552 849 2616 Milo
860 2591 903 2600 -
917 2550 977 2635 (de
991 2553 1087 2616 cuius
1104 2551 1203 2616 laude
1227 2553 1332 2637 plura

184 2721 194 2744 ‚
276 2656 395 2733 dicam,
412 2679 478 2721 non
495 2679 563 2743 quo
578 2664 639 2720 aut
654 2658 723 2741 ipse
740 2655 820 2720 haec
837 2655 903 2721 dici
916 2676 1018 2740 quam
1031 2656 1214 2720 existimari
1231 2659 1333 2724 malit

273 2768 333 2825 aut
344 2783 407 2848 ego
419 2761 509 2826 hunc
518 2760 626 2825 laudis
637 2759 786 2824 fructum
799 2761 967 2844 praesenti
979 2759 1124 2824 libenter
1135 2761 1330 2844 inpertiam,

223 2879 253 2925 20
274 2866 470 2949 praesertim
478 2886 554 2929 cnm
566 2863 674 2929 verbis
686 2865 847 2949 consequi
856 2885 923 2926 non
931 2865 1064 2948 possim,
1074 2862 1134 2928 sed
1141 2863 1233 2949 quod
1242 2867 1333 2931 exis-

1225 2996 1330 3007 «ᾖ

275 3055 308 3104 A.
320 3054 367 3106 247
380 3069 402 3115 c,
416 3059 492 3116 note3
510 3054 542 3104 G.
556 3055 601 3104 311
616 3054 732 3116 Rem.4;
749 3055 784 3102 H.
811 3055 839 3103 oi
863 3053 934 3117 loyal
955 3055 1037 3104 men)
1073 3067 1113 3112 re,
1129 3067 1193 3104 non
1211 3056 1331 3116 verbis,

274 3129 523 3193 ililNote23B.
535 3131 620 3183 2173.
812 3130 1076 3193 ‘acts,notwords.'
1111 3131 1331 3192 inrepfleri,

307 3206 599 3264 27.a1terius‚Miio.
636 3207 684 3257 We
705 3207 786 3258 know
812 3206 982 3257 ‘tobedone
999 3209 1027 3256 in
1046 3207 1136 3270 public
1153 3207 1219 3256 life'
1254 3220 1331 3269 pru-

275 3284 391 3346 nothing
407 3284 522 3334 moreof
534 3284 580 3332 the
598 3285 690 3332 attack
713 3297 786 3345 upon
810 3282 958 3333 dentiae.
983 3319 989 3332 .
1014 3320 1020 3332 .
1045 3283 1187 3332 virtutis:
1213 3284 1257 3335 ior
1278 3287 1331 3336 the

274 3359 317 3406 his
336 3359 420 3408 house
438 3361 594 3410 mentioned
607 3358 698 3409 below.
809 3361 941 3423 genitives
953 3361 988 3410 ci.
1003 3361 1052 3424 Ep.
1068 3361 1118 3412 IV.
1133 3361 1158 3409 ἃ
1170 3361 1215 3422 86;
1233 3361 1287 3413 IV.
1301 3363 1330 3412 a

809 3439 848 3486 22.

307 3512 371 3572 §860
391 3511 472 3559 2-15.
489 3511 550 3561 hoo
573 3512 660 3561 loco:
684 3526 727 3562 see
750 3527 785 3561 on
842 3513 910 3574 §87-
929 3512 1031 3563 16-20.
1055 3513 1147 3562 Adiit
1158 3513 1199 3562 ad
1211 3526 1281 3564 ram
1299 3528 1329 3577 p.

275 3585 340 3636 Sull.
356 3587 399 3638 62.
413 3591 435 3637 2.
471 3588 595 3637 laudae:
615 3603 705 3638 socon
719 3589 782 3648 §aa
812 3591 965 3639 :accessit
977 3589 1101 3651 edidi.
1114 3591 1150 3640 14.
1187 3602 1330 3651 praeser-

276 3664 314 3711 11.
349 3664 585 3714 Albiovanushad
602 3665 707 3727 praised
720 3664 785 3714 Milo
809 3665 866 3714 tim
885 3677 970 3715 oum:
988 3667 1117 3729 meaning
1136 3666 1223 3716 here?
1255 3679 1331 3717 ver·

274 3739 337 3802 only
361 3747 390 3789 to
412 3742 492 3790 make
515 3741 626 3790 Sestius’
652 3755 711 3790 ease
739 3742 785 3791 the
808 3740 858 3789 bia
870 3741 1037 3802 consequi:
1052 3740 1102 3791 ‘do
1113 3742 1213 3803 justice
1226 3742 1254 3790 in
1267 3741 1330 3792 ian·

274 3815 390 3866 blackcr.
427 3815 585 3874 iudicium,
602 3816 784 3882 ‘recognition
808 3817 912 3882 guage‚’
934 3817 1115 3882 ‘adequately
1126 3817 1268 3872 describe?
