2838 4380
231 311 298 383 412
511 339 518 348 ·
592 324 798 382 urrsromr
820 325 1018 383 seuuemo.

283 503 415 568 litterae
439 502 660 588 perferentur,
677 499 740 567 hoo
759 501 861 567 velim
885 500 1082 588 diligentius
1106 501 1227 578 omnia,
1246 521 1339 586 quae

282 609 412 693 putaris
443 629 495 673 me
525 608 610 672 seire
640 628 724 692 opus
756 629 838 683 esse,
871 605 1063 692 perscribas.
1126 604 1168 685 Q.
1192 603 1339 672 fratrem

283 734 394 778 meum
407 714 460 779 fac
470 713 600 800 diligas,
613 733 714 796 quem
723 733 786 799 ego
799 712 898 776 miser
910 711 939 775 si
951 711 1152 776 ineolumem
1165 710 1338 796 relinquo,

283 838 351 882 non
363 839 416 884 me
426 825 536 884 totum
548 816 673 902 perisse
685 814 879 880 arbitrabor.
911 813 1002 878 Data
1013 813 1120 878 Nonis
1133 812 1338 880 Sextilibus.

671 1056 899 1068 ——n——n—

749 1213 850 1279 XIX.

663 1383 721 1448 (An
735 1389 804 1435 Arr.
822 1400 863 1434 111.
874 1380 925 1446 19.)

615 1550 746 1599 CICERO
770 1549 899 1598 ATTICO
923 1549 1000 1597 SAL.
1082 1567 1085 1575 .

38 1770 42 1778 .
245 1714 262 1776 1
329 1707 451 1790 Quoad
465 1709 629 1775 eiusmodi
646 1709 727 1772 mihi
742 1709 875 1774 litterae
892 1731 912 1772 a
932 1707 1026 1774 vobis
1049 1705 1281 1774 afferebantur
1296 1717 1343 1775 ut

88 1820 103 1854 ⁹
282 1814 411 1900 aliquid
437 1835 480 1878 ex
510 1814 550 1878 iis
581 1822 670 1878 esset
701 1813 976 1899 exspectandum,
1001 1834 1059 1898 spe
1088 1817 1122 1876 et
1145 1811 1341 1896 eupiditate

282 1919 539 1984 Thessalonicae
570 1925 721 1984 retentus
743 1940 837 1993 sum3
869 1925 1087 2004 posteaquam
1111 1917 1218 1982 omnis
1242 1919 1343 1983 aetio

282 2023 382 2088 huius
396 2024 477 2086 anni
493 2022 646 2088 confecta
662 2022 756 2086 nobis
773 2020 960 2100 videbatur,
974 2023 1010 2086 in
1027 2022 1144 2086 Asiam
1160 2022 1208 2085 ire
1224 2021 1341 2099 nolui,

243 2143 258 2188 o
281 2127 373 2213 quod
395 2134 430 2192 et
453 2125 627 2192 celebritas
651 2126 732 2190 milri
756 2126 833 2192 odio
857 2134 909 2191 est
931 2134 974 2203 et,
992 2128 1020 2191 si
1037 2126 1132 2205 fieret
1157 2123 1291 2209 aliquid
1318 2147 1342 2191 a

282 2232 378 2298 novis
402 2230 664 2319 magistratibus,
688 2231 801 2296 abesse
826 2230 926 2317 longe
956 2230 1130 2296 nolebam:
1157 2231 1273 2315 itaque
1297 2231 1342 2295 in

284 2337 425 2420 Epirum
442 2335 484 2400 ad
503 2342 537 2400 te
564 2336 669 2399 statui
693 2355 745 2400 me
769 2335 933 2412 conferre,
951 2357 1019 2400 non
1043 2356 1111 2420 quo
1136 2355 1209 2400 mea
1232 2335 1345 2400 inter·

282 2447 371 2506 esset
385 2440 452 2504 1οοί
467 2448 598 2516 natura,
615 2439 675 2523 qui
691 2439 801 2504 luoem
817 2441 952 2505 omniuo
974 2439 1138 2527 fugerem,
1156 2439 1217 2504 sed
1231 2447 1269 2504 et
1290 2441 1343 2506 ad

282 2544 425 2608 salutem
448 2543 667 2608 libentissime
691 2565 733 2607 ex
757 2551 815 2608 tuo
837 2552 938 2630 portu
960 2545 1150 2631 proficiscar
1173 2551 1216 2620 et,
1240 2545 1271 2608 si
1295 2567 1343 2612 ea

230 2667 259 2715 ιο
281 2648 516 2734 praemessuit,
534 2669 702 2732 nusquam
727 2646 860 2712 facilius
884 2648 969 2713 hano
993 2649 1212 2713 miserrimam
1227 2649 1343 2713 vitam

284 2753 339 2818 vel
360 2751 558 2817 sustentabo
581 2752 646 2827 vel,
672 2751 764 2835 quod
789 2753 896 2818 multo
924 2759 977 2817 est
1002 2753 1134 2828 melius,
1160 2749 1342 2829 abiecer03

313 2941 359 2992 28
376 2939 481 3004 quem:
506 2942 636 2994 translate
656 2939 797 3004 carelully!
819 2937 853 2991 B.
876 2940 926 2992 287
948 2941 973 2992 4.
1006 2941 1089 2992 What
1112 2941 1135 2992 is
1157 2941 1204 2991 the
1226 2941 1344 3004 regular

280 3009 483 3070 ineolumem:
511 3019 546 3069 of.
574 3020 623 3082 Ep.
646 3018 724 3070 XVI.
750 3018 798 3068 10.
821 3019 918 3068 tense?
945 3018 1047 3067 fieret:
1065 3018 1112 3067 the
1124 3018 1302 3080 subjunctive
1317 3019 1343 3069 ls

283 3098 338 3146 120.
408 3147 410 3164 2
819 3093 1343 3158 duetothedependenceuponabesse.

818 3183 881 3220 non
913 3182 975 3232 quo
993 3205 999 3217 .
1016 3205 1022 3218 .
1040 3205 1046 3218 .
1063 3169 1128 3227 sed,
1155 3184 1172 3220 a
1206 3183 1343 3220 common

415 3303 417 3306 ,
501 3234 579 3284 XIX·
818 3247 953 3297 variation
965 3248 1008 3296 for
1018 3247 1066 3296 the
1077 3261 1151 3296 more
1163 3252 1267 3296 correct
1278 3261 1342 3298 aon

315 3317 553 3374 Inrnouucronr
565 3323 661 3374 Norn:
677 3324 795 3375 Written
818 3337 871 3384 quo
890 3358 897 3372 .
915 3359 921 3374 .
942 3358 948 3373 .
967 3323 1015 3373 sed
1032 3324 1125 3386 quod,·
1146 3323 1189 3373 for
1205 3323 1288 3372 mood
1309 3323 1342 3374 of

281 3401 354 3450 from
376 3399 570 3450 Thessalonica
592 3406 621 3450 to
640 3400 750 3449 Attlous
767 3400 795 3449 ln
817 3399 984 3449 interesset
1001 3400 1036 3450 of.
1062 3401 1111 3463 up.
1132 3399 1169 3450 II.
1192 3398 1219 3447 1.
1237 3401 1266 3461 23
1293 3401 1343 3450 for

282 3477 368 3527 Rome
385 3490 420 3526 on
438 3477 485 3526 the
504 3477 566 3526 16th
584 3477 614 3527 of
629 3476 793 3540 September.
818 3477 853 3525 lts
869 3477 997 3539 meaning
1016 3477 1069 3526 and
1087 3477 1131 3526 for
1150 3490 1210 3526 ease
1225 3477 1256 3527 of
1272 3491 1341 3527 mea

283 3555 326 3604 He
343 3554 393 3603 has
409 3553 559 3605 concluded
577 3553 649 3603 alter
664 3553 701 3604 all
717 3558 746 3603 to
762 3567 796 3616 go
818 3553 852 3602 cf.
864 3552 913 3603 IV.
927 3552 984 3601 9.1.
1014 3554 1111 3603 Notlce
1122 3553 1341 3604 thatinteresset

282 3629 509 3693 baoktoEpirus.
656 3687 658 3691 .
819 3628 840 3678 ls
852 3628 976 3691 personal
988 3630 1063 3692 here,
1076 3630 1130 3679 and
1143 3629 1207 3678 here
1218 3629 1294 3692 only.

314 3707 327 3765 5
355 3708 378 3758 1.
400 3698 465 3774 ’3-7.
488 3709 694 3770 posteaquam
721 3741 727 3755 .
755 3741 761 3754 .
789 3740 795 3753 .
848 3704 1089 3764 8-11.1u0em,
1119 3704 1183 3755 ‘the
1208 3705 1340 3768 public

282 3782 464 3834 videbatur:
482 3783 525 3832 for
536 3790 611 3832 tense
629 3796 672 3831 see
689 3781 723 3832 A.
737 3781 794 3843 324,
817 3782 901 3844 gaze,’
913 3795 1067 3832 acommou
1078 3782 1229 3845 metaphor.
1265 3793 1339 3831 sus·

283 3872 320 3926 a,·
340 3856 374 3909 G·
393 3855 450 3922 563,
468 3858 529 3924 564;
551 3855 587 3907 H.
604 3857 661 3920 518,
681 3857 751 3909 Note
769 3859 796 3922 13
817 3857 948 3910 tentabo
966 3895 971 3910 .
989 3895 995 3909 .
1012 3895 1018 3909 .
1036 3858 1196 3910 abiecero:
1219 3858 1264 3909 lor
1286 3859 1339 3913 the
