2870 4376
419 307 499 358 cnr.
523 307 612 370 4446,
636 307 650 370 s
673 307 761 359 aeos.
1100 294 1164 361 513

63 482 132 548 late
164 489 200 548 et
229 481 321 548 varie
351 479 497 544 diffusus
524 486 591 555 est3
615 478 675 544 sed
701 501 809 567 genus
837 480 1046 559 universum,
1074 489 1115 546 ut
1137 497 1165 544 15

62 586 207 650 tolletur
244 607 343 661 error,
374 585 467 650 brevi
498 582 725 648 circumscribi
756 591 791 648 et
821 583 954 650 definiri
990 592 1111 670 potest.

63 688 194 755 Omnes
210 696 400 774 optumates
423 695 514 764 sunt,
541 688 601 773 qui
625 709 735 773 neque
761 694 922 753 nocentes
947 696 1029 753 sunt
1051 711 1113 755 nec

61 800 187 858 natura
219 792 351 877 inprobi
382 775 452 874 nec
473 792 592 856 furiosi
623 813 685 857 nec
716 792 824 858 malis·
844 789 1035 858 domesticis
1062 795 1113 865 vin·

61 896 182 981 pediti.
229 897 292 962 Est
314 897 429 982 igitur,
447 904 488 960 ut
509 896 533 959 ii
556 897 635 972 sint,
652 917 754 981 quem
771 903 810 960 tu
833 896 1043 962 ‘nationem'
1060 919 1115 983 ap

62 1002 210 1085 pellecti,
235 1003 295 1087 qui
318 1009 353 1066 et
374 1000 498 1087 integri
521 1009 603 1066 sunt
626 1009 660 1064 et
686 1002 759 1065 seni
786 1007 821 1065 et
842 1000 927 1066 bene
951 999 993 1066 de
1016 1002 1114 1067 rebus
1138 1017 1167 1063 m

63 1104 258 1172 domesticis
283 1105 469 1170 constituti.
517 1104 649 1168 Horum
680 1105 740 1190 qui
767 1104 948 1181 voluntati,
973 1127 1114 1171 commo-

64 1209 127 1285 dis,
161 1209 279 1294 opibus
310 1210 346 1272 in
376 1208 595 1295 gubernanda
624 1229 660 1274 re
692 1209 827 1294 publica
857 1209 1022 1287 serviunt,
1060 1211 1115 1277 de·

64 1311 215 1378 sansures
250 1313 476 1396 optumatium
516 1313 648 1397 ipsique
689 1320 879 1398 optumates
922 1315 1113 1400 gravissimi

65 1426 100 1481 et
127 1417 302 1481 clarissimi
333 1417 423 1481 cives
450 1425 672 1482 numerantur
698 1425 733 1481 et
759 1417 926 1502 principes
954 1419 1110 1485 civitatis.

67 1519 161 1599 Quid
186 1529 238 1585 est
269 1521 374 1606 igitur
403 1521 612 1604 propositum
646 1521 698 1586 his
730 1523 778 1586 rei
808 1521 963 1606 publicae
993 1523 1113 1609 guber·
1128 1523 1168 1585 98

66 1625 250 1702 ueteribus,
267 1624 360 1710 quod
381 1625 508 1690 intueri
524 1631 560 1690 et
581 1646 650 1710 quo
676 1647 812 1690 cursum
839 1647 939 1691 suum
966 1625 1116 1714 derigere
1139 1643 1169 1690 es

66 1729 234 1794 debeant?
279 1728 320 1792 Id
350 1727 441 1813 quod
468 1736 520 1794 est
547 1731 874 1814 praestantissimum
902 1732 1115 1817 meximeque

67 1833 213 1918 optabile
236 1832 389 1897 omnibus
416 1834 506 1897 senis
529 1832 681 1898 ethonis
707 1842 742 1898 et
764 1834 881 1911 boetis,
906 1855 983 1899 cum
1007 1833 1117 1922 digni·
1171 1908 1173 1912 ,

67 1945 137 2002 tate
162 1938 278 2002 otium.
327 1937 401 2000 Hoc
425 1939 486 2021 qui
511 1938 641 2014 volunt,
674 1959 788 2002 omnes
820 1946 1021 2023 optumates,
1054 1940 1115 2025 qui

67 2041 227 2118 efficiunt,
251 2042 375 2106 summi
399 2042 519 2106 viriet
545 2049 794 2108 conservatores
819 2043 967 2108 civitatis
996 2050 1115 2128 puten·
1140 2055 1172 2104 eo

67 2155 133 2211 tur.
180 2145 300 2231 Neque
317 2146 405 2209 enim
419 2167 530 2210 rerum
542 2146 765 2232 gerendarum
781 2147 946 2232 dignitate
962 2147 1112 2212 homines

68 2251 188 2316 ecferri
213 2251 262 2314 ita
289 2250 457 2324 convenit,
489 2257 529 2313 ut
559 2251 627 2314 otio
659 2272 727 2315 non
758 2251 972 2335 prospiciant,
1003 2272 1113 2337 neque

68 2356 177 2420 ullum
200 2354 384 2439 amplexari
415 2354 533 2429 otium,
561 2353 652 2439 quod
682 2354 859 2419 abhorreat
888 2375 908 2418 e
938 2354 1115 2441 dignitate.

68 2473 169 2521 XLVI.
194 2454 308 2518 Huius
324 2461 437 2520 autem
454 2454 579 2522 otiosae
597 2454 774 2540 dignitatis
790 2454 870 2519 haec
894 2453 1117 2521 fundamenta

68 2566 160 2634 sunt,
184 2559 264 2624 haec
295 2559 450 2632 membra,
483 2579 568 2642 quae
600 2558 727 2625 tuende
758 2558 966 2642 principibus
997 2567 1032 2623 et
1062 2561 1117 2625 vel

70 2663 188 2747 capitis
212 2663 360 2747 periculo
389 2661 602 2727 defendenda
626 2669 717 2738 sunt,
743 2663 933 2748 religiones,
958 2664 1116 2748 auspicia,

69 2773 253 2852 potestates
269 2767 539 2852 magistratuum,
557 2774 694 2830 senatus
710 2767 903 2842 auctoritas,
919 2767 1021 2853 leges
1045 2789 1116 2833 mos

102 2921 206 2979 15,16.
247 2925 283 2970 ut
305 2922 449 2970 tollatur:
478 2922 521 2971 for
540 2923 587 2971 the
641 2923 705 2982 598.
729 2915 831 2969 'ee-³1.
860 2920 969 2978 beatis,
994 2921 1068 2970 ‘well
1091 2929 1120 2972 to

71 2998 473 3060 clausecf.§§29.3313.27,28.
498 2998 588 3046 brevi
609 2998 670 3047 do:’
691 2995 839 3046 cf.11.20.
857 2997 896 3046 26.
932 3009 1004 3046 cum
1023 2997 1119 3058 digni-

72 3077 241 3136 ...potest
261 3074 328 3124 ‘can
337 3073 471 3137 bebriefly
482 3074 586 3124 llmited
607 3077 675 3123 tate
694 3073 800 3129 otium,
814 3073 910 3135 ‘peace
927 3063 994 3123 ivith
1012 3074 1117 3124 honor!

73 3150 126 3200 and
138 3149 261 3199 defined!
297 3150 369 3199 brem
382 3151 404 3199 is
416 3164 451 3198 an
464 3149 524 3199 adv.
608 3153 693 3200 otium
713 3149 837 3212 properly
853 3149 937 3199 refers
959 3154 988 3198 to
1010 3150 1057 3199 the
1079 3151 1121 3200 in-

104 3225 149 3275 19.
166 3226 224 3274 Est
234 3226 334 3288 igitur,
346 3229 388 3283 ut,
402 3226 444 3275 ‘It
458 3228 481 3276 is
498 3227 586 3276 there·
607 3226 694 3277 ternal
706 3226 875 3288 tranquillity
885 3227 914 3275 of
926 3225 1053 3286 anetion,
1061 3240 1120 3287 poc

73 3303 131 3352 fore
153 3304 200 3352 the
227 3316 288 3352 case
314 3303 403 3351 thet:’
436 3303 490 3352 this
519 3303 586 3365 peri·
607 3309 635 3354 to
652 3305 686 3353 its
709 3303 838 3352 relations
861 3302 928 3350 with
948 3301 1051 3364 foreign
1073 3316 1121 3350 na-

74 3380 177 3440 phrasIs
196 3378 339 3428 resembles
362 3379 422 3428 that
445 3380 473 3430 in
494 3377 520 3435 tl
544 3381 582 3429 92.
607 3381 686 3430 tions.
710 3377 1120 3441 rerumgerendarum,‘pub-

74 3455 117 3516 ne,
138 3456 177 3504 89.
202 3456 242 3515 29,
267 3455 316 3504 but
344 3455 366 3504 is
389 3455 431 3504 far
457 3455 508 3504 less
534 3455 586 3504 fre-
606 3456 784 3519 licactivity.'
1008 3445 1011 3455 ,

75 3535 165 3594 quent.
200 3531 279 3579 sint:
298 3531 345 3580 the
366 3531 471 3592 subject
493 3532 514 3579 is
538 3532 585 3592 qut

75 3644 81 3657 .
102 3643 108 3656 .
126 3643 132 3656 .
153 3609 305 3666 constituti,
320 3607 347 3657 ll.
362 3608 401 3668 20,
415 3609 455 3668 21,
469 3607 523 3655 end
538 3607 585 3656 the
638 3608 664 3665 2,
676 3608 701 3656 3.
732 3609 924 3666 membra,
949 3608 1116 3660 ‘elementa’

75 3683 208 3745 predicate
224 3685 246 3733 is
263 3685 293 3745 u,
308 3697 391 3744 quam
408 3717 415 3732 .
438 3719 445 3732 .
467 3718 474 3732 .
495 3683 585 3742 appel·
606 3685 672 3734 vel:
684 3685 717 3734 cf.
728 3686 777 3747 Ep.
790 3685 839 3735 IV.
851 3684 878 3734 8.
885 3685 923 3734 83.
946 3685 1118 3747 religiones,

77 3761 148 3808 lasti.
183 3758 586 3822 quam:forgend.audnum·
610 3762 750 3824 ‘religious
794 3761 909 3813 forms:'
950 3775 994 3812 see
1026 3776 1052 3824 p.
1077 3761 1116 3824 70,

77 3836 122 3885 ber
132 3835 166 3884 cf.
182 3832 194 3892 i
207 3835 246 3885 91.
260 3836 299 3885 21.
606 3837 618 3894 ἑ
637 3836 676 3888 79.
