2838 4380
450 305 529 360 cnr.
554 307 610 372 cc,
635 304 649 372 s
673 305 759 360 ms.
1116 291 1180 366 441

127 491 177 545 VI.
209 473 260 545 De
288 503 355 566 quo
382 480 518 567 quidem
543 480 719 546 tribunatu
745 483 795 546 ita
818 480 945 546 dictum
972 489 1025 547 est
1046 482 1132 564 a.Q.
1146 487 1183 549 14

82 585 275 661 Hortensio,
294 593 332 649 ut
355 587 426 651 eius
454 586 560 650 oratio
583 607 651 650 non
674 585 907 651 defensionem
926 587 1025 652 modo
1041 587 1132 654 vide·

81 699 175 755 retur
195 691 372 754 criminum
398 691 579 767 continere,
596 688 655 754 sed
681 691 781 756 etiam
810 692 967 757 memoria
993 691 1129 779 dignam

80 795 252 859 iuventuti
277 796 324 860 rei
348 794 501 880 publicae
526 793 748 880 capessendae
774 796 1006 862 auctoritatem
1037 796 1131 862 disci·

80 899 275 984 plinamque
306 897 537 984 praescribere.
585 898 651 964 Sed
682 907 805 976 tamen,
838 899 997 985 quoniam
1028 902 1131 966 tribu·
1167 918 1182 962 c

80 1010 182 1070 natus
213 1010 305 1068 totus
337 1003 375 1066 P.
408 1003 497 1068 Sesti
528 1003 614 1068 nihil
645 1003 740 1068 aliud
769 991 834 1068 nisi
865 1025 976 1070 meum
1008 1027 1130 1071 nomen

80 1129 282 1193 causamque
313 1109 487 1185 sustinuit,
511 1109 696 1174 necessario
724 1108 805 1172 mihi
832 1108 874 1174 de
897 1108 1003 1174 isdem
1031 1109 1128 1176 rebus

79 1233 153 1292 esse
184 1211 326 1277 arbitror
354 1213 383 1278 si
415 1229 482 1276 non
513 1212 672 1297 suptilius
704 1211 958 1298 disputandum,
978 1221 1014 1278 at
1037 1223 1129 1280 'certe

79 1314 251 1381 dolentius
281 1315 533 1401 deplorandum.
581 1315 657 1395 Qua
683 1317 718 1380 in
746 1317 893 1382 oratione
921 1318 950 1382 si
980 1319 1129 1402 asperius

77 1420 115 1483 in
146 1419 310 1504 quosdam
347 1420 499 1486 homines
537 1420 652 1485 invehi
683 1421 814 1498 vellem,
843 1422 919 1507 quis
950 1443 1017 1486 non
1055 1443 1130 1486 con·
1153 1439 1182 1483 10

78 1523 222 1601 cederet,
240 1531 280 1589 ut
303 1546 369 1602 eos,
386 1546 531 1610 quorum
556 1525 690 1590 sceleris
707 1524 818 1590 furore
842 1526 987 1591 violatus
1012 1548 1128 1604 essem,

78 1629 171 1694 vocis
204 1628 357 1694 libertate
388 1629 674 1716 perstringerem?
731 1628 798 1694 Sed
828 1651 924 1716 agam
958 1630 1128 1697 moderate

33 1755 40 1774 ·
78 1739 114 1798 et
143 1732 244 1798 huius
273 1734 386 1819 potius
417 1731 559 1820 tempori
589 1734 731 1800 serviam
764 1755 866 1819 quam
898 1733 1004 1798 dolori
1036 1757 1128 1812 me0;

68 1837 188 1923 siqui
215 1839 346 1904 occulte
373 1861 400 1912 a*
418 1839 527 1904 salute
554 1846 668 1904 nostra
694 1838 911 1915 dissentiunt,
928 1839 1074 1914 lateant3
1098 1841 1127 1904 si

78 1943 139 2026 qui
151 1941 306 2006 iecerunt
321 1943 455 2028 aliquid
467 1941 648 2028 aliquando
664 1950 766 2028 atque
783 1941 891 2007 eidem
907 1964 997 2008 nunc
1014 1951 1128 2008 tacent
1151 1961 1179 2006 rc

77 2052 113 2110 et
136 2048 326 2131 quiescunt,
343 2068 404 2111 nos
434 2069 568 2132 quoque
595 2048 699 2111 simus
726 2046 841 2122 obliti3
865 2048 894 2112 si
910 2047 969 2132 qui
992 2069 1027 2112 se
1050 2047 1128 2114 offe·

76 2159 167 2228 runt,
200 2152 418 2228 insectantur,
451 2151 562 2236 quoad
593 2149 673 2215 ferri
708 2157 878 2235 poterunt,
910 2150 1126 2236 perferemus,

76 2277 187 2342 neque
212 2253 415 2342 quemquam
444 2254 595 2320 offendet
621 2255 726 2319 oratio
750 2277 833 2333 mea,
851 2256 915 2319 nisi
938 2257 997 2339 qui
1020 2277 1055 2320 se
1080 2258 1127 2322 ita

76 2362 249 2446 optulerit,
274 2369 313 2426 ut
343 2362 378 2424 in
409 2383 487 2426 eum
517 2381 584 2424 non
615 2359 788 2448 invasisse,
812 2358 873 2424 sed
902 2360 1124 2426 incucurrisse

76 2464 261 2531 videamur.
1149 2483 1178 2528 20

121 2569 188 2634 Sed
219 2593 353 2637 necesse
384 2577 446 2648 est,
474 2578 656 2655 antequam
691 2569 733 2634 de
764 2567 939 2634 tribunatu
970 2569 1008 2633 P.
1037 2568 1124 2635 Sesti
1141 2574 1176 2638 15

109 2781 258 2832 Tribunate
275 2781 304 2830 oi
323 2781 427 2831 Scottus
447 2779 522 2843 (Dec.
542 2781 590 2830 58-
614 2778 704 2828 ‘more
733 2777 884 2840 minutely,'
912 2778 981 2827 than
1007 2778 1126 2828 Horten·

76 2857 140 2908 Dec.
155 2856 197 2919 57)
211 2859 240 2919 ἐς
256 2858 295 2919 14,
315 2858 354 2918 15,
369 2857 536 2920 interrupted
554 2857 589 2918 by
612 2855 676 2903 sius.

75 2935 123 2984 the
135 2933 192 2983 first
204 2933 355 2995 Dtyresea'o.
642 2928 723 2979 9-19.
750 2927 819 2988 Qua
853 2929 1002 2987 oratione,
1053 2929 1126 2980 ‘this

108 3011 174 3070 514.
187 3010 250 3059 4-8.
267 3009 589 3072 reipublicae...dis·
610 3012 671 3068 part
693 3006 723 3055 oi
746 3020 790 3067 my
814 3005 939 3067 speech:’
962 3020 992 3054 so
1011 3007 1039 3054 in
1057 3006 1143 3068 Sull„
1195 3006 1198 3048 i

66 3086 231 3149 'ciplinm
250 3085 281 3136 ‘a
298 3092 406 3149 pattem
424 3087 477 3137 and
500 3087 589 3136 lesson
609 3082 655 3130 35.
690 3083 729 3131 24.
764 3081 894 3131 sceleris
926 3081 1047 3132 furore:
1082 3083 1126 3132 ior

75 3165 139 3213 how
147 3159 221 3212 “rnen
241 3163 339 3214 should
358 3164 433 3214 work
450 3164 479 3212 in
497 3163 589 3226 public
611 3164 692 3208 trans.
707 3159 742 3208 ci.
756 3158 823 3208 Sull.
841 3157 868 3206 4.
885 3156 900 3210 'l
918 3159 971 3208 and
989 3159 1033 3220 133
1051 3159 1121 3209 Mur.

75 3239 143 3288 life!
178 3239 255 3288 nihil
272 3239 358 3288 aliud
375 3239 458 3288 nisi.
477 3275 482 3290 .
500 3275 505 3286 .
522 3251 589 3288 sus-
609 3234 655 3284 16.
673 3236 712 3285 20.
748 3235 1003 3297 perstringerem:
1027 3235 1062 3284 cf.
1081 3236 1125 3286 ior

75 3315 179 3373 tinuit,
192 3315 254 3365 ‘did
266 3317 383 3379 nothing
394 3315 448 3366 else
464 3317 512 3366 but
528 3329 590 3378 sup-
610 3313 738 3374 meaning
751 3312 816 3361 Sull.
831 3311 878 3360 46.
892 3311 929 3363 17.
965 3311 993 3360 si
1006 3312 1079 3373 qul.
1095 3348 1101 3360 .
1117 3349 1123 3360 .

76 3391 158 3454 port‚'
190 3392 304 3456 ‘merely
332 3392 507 3455 supported3’
543 3393 589 3442 tire
610 3387 728 3450 aliquid
740 3387 922 3449 aliquando:
939 3389 1124 3439 fortheaccu-

76 3468 175 3531 phrase
187 3468 210 3518 Is
222 3467 350 3532 elliptieal
363 3467 418 3532 (ior
428 3471 475 3519 the
484 3469 550 3518 verb
560 3474 589 3518 to
609 3465 744 3515 mulation
766 3465 795 3515 oi
822 3465 975 3515 indefinites
1005 3465 1039 3515 ci.
1071 3466 1121 3528 Ep.

76 3545 110 3595 be
125 3543 250 3608 supplied
268 3559 312 3595 see
329 3545 395 3596 Sull.
414 3545 461 3594 ³⁵.
473 3545 515 3607 23)
534 3546 589 3595 and
610 3541 689 3592 XIV.
702 3541 728 3591 1.
740 3541 765 3594 i.
799 3541 1018 3603 atqueeidcm:
1035 3556 1124 3592 seeon

76 3627 171 3672 occurs
193 3621 348 3685 frequently
368 3623 396 3671 in
420 3621 514 3672 Cicero
528 3623 589 3673 ¹and
610 3619 676 3670 Snll.
695 3619 742 3668 20.
759 3621 798 3670 29.
835 3620 933 3668 simus
957 3619 1064 3669 obliti:
1082 3620 1125 3669 ior

75 3697 146 3747 later
172 3697 284 3747 writers.
328 3697 357 3745 si
388 3709 451 3746 non
474 3732 480 3745 .
501 3732 508 3746 .
530 3733 536 3746 .
558 3701 591 3747 et
613 3696 690 3744 mood
711 3696 744 3744 ci.
771 3696 878 3746 lateant
899 3696 916 3744 l.
940 3696 982 3757 143
1003 3697 1081 3747 obliti¹
1101 3697 1124 3746 is

76 3773 178 3821 certe:
200 3771 290 3821 which
313 3771 388 3822 word
410 3771 434 3820 is
461 3785 592 3831 minaces·
612 3771 676 3820 used
697 3785 726 3821 aa
746 3785 762 3820 a
785 3773 859 3834 pred.
880 3771 934 3834 adj.
980 3771 1123 3822 incucur·

75 3848 160 3912 sary?
182 3847 217 3898 ci.
232 3848 246 3912 ξ
263 3846 287 3901 i.
305 3848 346 3912 20,
359 3847 399 3898 21.
435 3847 590 3913 suptilius,
611 3847 828 3907 riesa‘tohave
835 3849 955 3900 chanced
963 3861 1036 3915 upon
1045 3849 1121 3904 blm.’
