2954 4374
485 300 564 362 cnr.
590 302 678 374 aoso,
702 301 716 374 i
739 305 825 365 etet.
1148 291 1211 368 215

111 478 188 548 dine
206 480 345 571 periculi
363 484 519 560 obtestor,
535 493 574 548 nt
590 485 668 559 otio,
682 492 720 548 ut
736 486 819 569 paci,
837 492 876 548 ut
892 484 1004 560 saluti,
1016 493 1055 549 ut
1071 486 1159 552 vitae
1196 506 1211 549 u

111 597 240 654 vestrae
271 595 307 654 et
336 595 522 653 ceterorum
552 590 677 653 civium
710 589 910 663 consulatis3
948 588 1069 654 deinde
1097 612 1159 676 ego

110 693 200 758 idem
216 715 275 759 vos
290 692 475 758 defensoris
492 701 526 758 et
542 695 639 757 amici
657 691 764 757 officio
790 691 957 757 adductus
977 715 1034 757 oro
1058 703 1159 780 atque

110 797 256 874 obsecro,
273 796 411 873 iudices
428 805 524 861 utne
548 797 691 862 hominis
717 798 828 862 miseri
854 805 889 862 et
913 819 990 862 cum
1013 801 1158 884 corporis

110 902 235 978 morbo,
249 909 322 966 tum
338 902 440 965 animi
457 901 568 967 dolore
582 901 736 978 coniecti,
751 902 789 965 L.
807 901 977 980 Murenae,
992 912 1158 968 recentem

109 1007 372 1094 gratulationem
388 1028 474 1072 nova
489 1007 727 1072 lamentatione
744 1006 903 1071 obruatis.
951 1005 1054 1071 Modo
1071 1030 1159 1072 max·
1184 1027 1211 1071 10

109 1111 177 1173 imo
201 1108 361 1174 beneficio
385 1110 502 1194 populi
528 1110 670 1174 Romani
692 1117 827 1173 ornatus
849 1108 1042 1174 fortunatus
1072 1111 1160 1176 vide·

110 1213 220 1291 batur,
252 1213 344 1298 quod
374 1215 500 1298 primus
532 1215 567 1277 in
598 1213 758 1277 familiam
789 1220 945 1288 veterem,
970 1214 1096 1297 primus
1124 1217 1157 1278 in

110 1318 331 1402 municipium
347 1318 622 1403 antiquissimum
635 1318 848 1382 consulatum
861 1317 1050 1393 attulisset3
1068 1339 1158 1383 nunc

110 1422 199 1487 idem
215 1423 369 1507 squalore
383 1430 418 1487 et
433 1420 587 1486 sordibus
605 1421 788 1496 coniectus,
805 1421 949 1485 lacrimis
961 1441 999 1486 ac
1013 1443 1158 1487 maerore

110 1525 261 1611 perditus
293 1533 403 1592 vester
438 1532 489 1590 est
523 1526 676 1611 supplex,
712 1525 850 1600 iudices,
880 1532 1026 1589 vestram
1060 1525 1159 1592 iidem
1183 1545 1210 1589 15

110 1629 308 1706 obtestatur,
343 1637 489 1694 vestram
522 1629 781 1694 misericordiam
815 1630 980 1713 implorat,
1014 1638 1158 1695 vestram

110 1741 310 1819 potestatem
335 1755 372 1799 ac
394 1742 521 1799 vestras
545 1755 624 1819 opes
647 1735 810 1799 intuetur.
857 1732 981 1808 Nolite,
998 1755 1057 1818 per
1079 1733 1209 1803 deos87

110 1837 333 1904 immortales!
358 1837 497 1914 indicae,
513 1838 574 1904 hac
591 1860 668 1904 eum
684 1859 761 1902 oum
784 1857 829 1914 re,
847 1857 914 1923 qua
937 1860 971 1902 se
995 1837 1160 1903 honestio

110 1964 178 2006 rem
204 1942 273 2007 fore
298 1942 440 2028 putabit,
465 1944 568 2008 etiam
591 1944 711 2008 ceteris
736 1949 813 2007 ante
842 1942 944 2028 partis
979 1942 1157 2008 honestati-

108 2047 171 2112 bus
193 2054 295 2132 atque
320 2047 410 2111 omni
434 2045 598 2132 dignitate
622 2046 828 2131 fortunaque
853 2047 993 2130 privare.
1041 2046 1157 2132 Atque
1181 2063 1210 2110 ao

108 2152 157 2216 ita
187 2172 246 2217 vos
279 2151 316 2213 L.
349 2150 502 2226 Murena,
531 2149 669 2227 iudices,
702 2158 775 2214 orat
805 2161 907 2235 atque
939 2150 1098 2228 obsecrat,
1130 2153 1157 2216 si

108 2255 234 2319 iniuste
259 2255 426 2320 neminem
450 2254 556 2331 laesit,
582 2255 609 2318 si
635 2245 771 2318 nullius
788 2255 878 2318 auris
907 2254 1157 2320 voluntatemve

109 2361 259 2436 violavit,
283 2361 311 2424 si
335 2358 470 2434 nemini,
488 2367 528 2423 ut
551 2360 719 2424 levissime
744 2358 863 2434 dicam,
884 2358 960 2423 odio
984 2382 1044 2425 uec
1068 2360 1156 2424 domi

109 2486 170 2528 nec
187 2464 326 2529 militiae
346 2463 422 2539 fuit,
439 2464 484 2529 sit
500 2462 591 2549 apud
616 2486 675 2529 vos
700 2463 881 2528 modestiae
908 2463 1012 2540 loona,
1034 2466 1080 2529 sit
1105 2464 1158 2530 de·

109 2569 209 2632 misso
233 2569 344 2632 auimo
370 2566 572 2655 perfugium,
592 2569 639 2632 sit
663 2568 828 2631 auxilium
852 2567 982 2652 pudori.
1030 2568 1157 2633 Miseri·
1180 2585 1209 2630 25

108 2672 255 2737 cordiam
293 2672 448 2758 spoliatio
479 2672 674 2737 consulatus
707 2693 861 2758 magnam
897 2671 1015 2738 habere
1047 2672 1156 2749 debet,

108 2776 255 2850 iudices3
288 2799 355 2840 una
386 2776 474 2842 enim
503 2777 695 2860 eripiuntur
716 2797 793 2840 oum
823 2776 1000 2839 consulatu
1027 2778 1156 2852 omnia3

140 2930 167 2989 8,
178 2931 204 2981 9.
222 2933 364 2994 corporis
383 2930 502 2990 morbo,
525 2946 561 2980 an
583 2938 623 2980 at·
674 2932 718 2988 22,
737 2931 782 2979 23.
800 2930 955 2979 neminem
973 2967 978 2978 .
996 2968 1001 2979 .
1019 2968 1025 2980 .
1042 2931 1158 2980 nuliius

108 3013 196 3071 tempt
208 3013 235 3058 to
247 3023 342 3059 arouse
356 3010 402 3058 the
414 3009 581 3070 sympathies
593 3009 623 3058 oi
642 3043 647 3055 .
664 3043 670 3055 .
688 3043 694 3056 .
711 3007 840 3056 nemini:
859 3007 907 3056 tire
918 3007 1027 3070 lacking
1038 3009 1158 3070 genitive

109 3085 155 3134 the
172 3087 233 3148 jury
246 3086 279 3148 by
291 3101 306 3135 a
320 3086 457 3134 reference
469 3091 497 3136 to
510 3086 556 3134 the
572 3086 622 3134 law
642 3085 695 3134 and
707 3084 825 3134 ablativa
837 3083 866 3132 oi
884 3099 959 3133 acino
972 3098 1017 3133 are
1034 3085 1158 3147 supplied

111 3161 136 3224 (ᾗ
148 3163 187 3213 47.
199 3165 240 3223 10)
251 3163 387 3224 requiring
397 3163 443 3211 tite
456 3176 582 3224 presence
594 3163 623 3210 oi
642 3161 712 3211 irom
725 3161 824 3210 nullae.
863 3159 986 3209 Declinei
1016 3165 1052 3209 ut
1065 3161 1157 3211 levie-

108 3239 154 3286 the
167 3238 325 3300 defendant,
339 3253 407 3288 even
420 3238 525 3300 though
537 3239 602 3288 sick.
642 3237 719 3286 elme
753 3236 865 3293 dicam,
896 3235 940 3285 ‘to
968 3242 1017 3299 put
1046 3239 1067 3286 it
1094 3252 1158 3300 very

140 3310 186 3360 11.
204 3311 372 3360 beneficio:
390 3326 434 3361 see
446 3326 481 3360 on
495 3313 508 3373 ᾗ
520 3314 543 3360 2.
557 3315 596 3361 22.
643 3313 755 3376 mildly.’
789 3313 879 3362 odio:
893 3313 939 3362 tire
953 3311 1084 3376 (lacking)
1098 3328 1157 3376 pas-

140 3386 243 3444 121³.
260 3388 409 3437 familiam
421 3389 619 3438 veteremzci.
642 3391 698 3440 sive
720 3391 750 3438 oi
779 3391 824 3439 odi
854 3391 876 3439 is
904 3390 1026 3452 supplied
1053 3391 1087 3452 by
1110 3392 1158 3440 the

108 3465 169 3526 §la
180 3467 218 3514 10.
233 3465 621 3527 municipium:Lanuvium,
642 3468 739 3528 phrase
753 3467 815 3515 odio
828 3479 894 3526 ease,
908 3466 937 3514 in
950 3467 1039 3516 which
1052 3467 1115 3516 odio
1132 3467 1154 3516 is

108 3554 174 3590 near
183 3541 229 3590 the
239 3542 283 3590 via
292 3541 391 3602 Appia,
403 3541 434 3589 23
444 3541 520 3590 miles
529 3543 622 3591 south-
642 3543 696 3593 dat.
711 3544 740 3592 oi
758 3540 886 3604 purpose3
904 3555 934 3590 so
946 3542 1003 3591 also
1017 3557 1034 3591 a
1051 3543 1156 3604 passive

108 3622 167 3666 east
178 3616 208 3666 of
219 3617 313 3667 Rome.
349 3618 399 3667 See
411 3632 447 3666 on
461 3617 497 3666 II.
512 3617 558 3664 24.
570 3620 593 3668 8.
643 3620 664 3668 is
676 3619 802 3669 obtained
821 3619 864 3667 for
876 3621 937 3668 utor
950 3619 984 3682 by
996 3621 1059 3668 aaut
1079 3632 1155 3668 esce:

141 3694 203 3756 §aa
223 3692 327 3750 lale.
345 3693 404 3742 hac
414 3706 453 3750 re,
463 3695 509 3742 the
517 3693 623 3744 consui·
641 3696 675 3744 ci.
691 3695 766 3744 Caes.
782 3693 832 3745 IV.
846 3692 891 3741 ³1.
905 3696 928 3743 2.

108 3770 177 3832 ship.
197 3767 622 3830 honestatibus,‘distinctions3'
673 3771 718 3820 26.
751 3769 879 3819 habere:
904 3770 947 3819 ior
967 3772 1094 3835 meaning
1116 3771 1152 3820 ci.

107 3847 136 3898 in
148 3846 204 3896 this
216 3859 294 3896 sense
305 3848 369 3897 herc
381 3846 444 3912 only
456 3847 485 3896 in
497 3846 592 3910 plural.
642 3848 671 3913 §§
684 3850 722 3900 12.
738 3848 781 3914 195
797 3847 836 3900 68.
851 3849 879 3913 ὃς
896 3847 935 3899 69.
949 3849 989 3900 20.
