2954 4374
257 284 320 350 174
575 297 647 347 ruo
671 297 701 346 n.
726 297 886 349 nonnus
909 297 1058 348 enarro.

305 468 435 548 sulibus
451 469 499 533 ita
523 469 641 545 missis,
659 476 699 532 ut
721 468 805 534 alter
827 468 1060 534 Mithridatem
1072 475 1353 555 persequeretur,

255 590 282 636 15
306 573 390 637 alter
406 573 602 658 Bithyniam
624 579 784 649 tueretur,
809 572 946 647 alterius
972 595 1023 638 res
1047 577 1082 638 et
1104 579 1192 638 terra
1214 582 1249 639 et
1271 577 1353 640 mari

306 677 516 742 calamitosae
538 669 809 742 vehementeret
833 699 911 768 opes
937 677 1024 763 regis
1050 685 1085 741 et
1108 698 1230 742 nornen
1255 701 1355 745 auxe-

306 789 405 857 runt3
429 781 467 844 L.
484 781 620 845 Luculli
643 803 722 846 vero
745 803 797 845 res
821 787 932 845 tantae
957 782 1155 857 extiterunt,
1179 790 1219 846 ut
1242 805 1353 869 neque

306 886 412 950 maius
440 885 564 951 bellum
593 885 842 950 commemorari
863 886 969 969 pos'sit
993 907 1103 970 neque
1128 887 1250 952 maiore
1278 910 1354 952 con-

304 990 379 1053 silio
395 995 431 1054 et
445 989 572 1054 virtute
587 996 732 1076 gestum.
778 976 882 1066 Nam,
893 1011 969 1053 eum
986 991 1089 1054 totius
1110 991 1256 1076 impetus
1272 991 1353 1058 belli

253 1109 283 1154 20
304 1093 346 1157 ad
363 1093 603 1179 Cyzicenorum
621 1094 750 1158 moenia
765 1095 973 1160 constitisset
988 1117 1127 1180 eamque
1150 1095 1265 1160 urbem
1289 1097 1353 1162 sibi

305 1196 518 1262 Mithridates
536 1197 637 1263 Asiae
654 1199 787 1262 ianuam
804 1197 874 1263 iore
891 1207 1051 1284 putasset,
1068 1221 1136 1284 qua
1156 1199 1295 1266 effracta
1318 1210 1354 1267 et
1457 1281 1460 1288 A

303 1302 436 1366 revulsa
452 1309 524 1366 tota
544 1309 675 1386 pateret
698 1303 879 1387 provincia,
903 1312 1074 1389 perempta
1096 1305 1144 1368 ita
1166 1326 1185 1369 a
1209 1305 1353 1372 Lucullo

303 1405 383 1470 haec
408 1413 489 1470 sunt
512 1407 633 1483 omnia,
658 1413 698 1470 ut
727 1414 762 1472 et
788 1406 867 1472 urbs
893 1407 1161 1473 fidelissimorum
1185 1410 1352 1474 sociorum

299 1509 540 1597 defenderetur
561 1518 597 1575 et
618 1533 731 1575 omnes
754 1511 867 1596 copiae
890 1513 978 1598 regis
1001 1511 1222 1580 diuturnitate
1246 1515 1354 1580 obses·

251 1631 281 1675 25
302 1615 404 1678 sionis
421 1602 720 1680 consumerentur.¹
755 1615 870 1694 Quid?
916 1617 1008 1692 illam
1024 1638 1172 1704 pugnam
1197 1619 1351 1684 navalem

302 1716 345 1781 ad
376 1718 558 1795 Tenedum,
585 1742 661 1784 cum
693 1727 852 1785 contento
883 1741 983 1785 cursu
1010 1723 1178 1786 acerrimis
1209 1721 1351 1788 ducibus

302 1822 448 1887 hostium
465 1823 579 1888 classis
596 1824 729 1888 ltaliam
746 1846 803 1909 spe
820 1831 921 1908 atque
937 1819 1056 1888 animis
1079 1824 1195 1889 inflata
1210 1834 1350 1911 peteret,

304 1926 461 1992 mediocri
484 1929 732 1992 certamine-et
761 1949 864 2013 parva
895 1927 1107 1994 dimicatione
1139 1931 1351 1994 commissam

301 2031 493 2096 arbitraris?
541 2031 643 2096 Mitto
660 2033 795 2117 proelia,
811 2041 982 2118 praetereo
1005 2035 1272 2120 oppugnationes
1297 2057 1352 2120 op-

250 2153 280 2198 so
301 2134 474 2221 pidorum3
513 2137 675 2221 expulsus
705 2159 808 2225 regno
839 2137 974 2202 tandem
1005 2138 1187 2222 aliquando
1219 2147 1348 2203 tantum

301 2248 414 2306 tamen
441 2243 580 2306 consilio
605 2250 706 2328 atque
738 2244 936 2308 auctoritate
961 2243 1079 2319 valuit,
1108 2250 1147 2307 ut
1176 2243 1240 2307 sibi
1271 2265 1349 2330 rege

300 2346 537 2412 Armeniorum
562 2347 720 2412 adiuncto
748 2348 844 2412 novis
870 2346 989 2432 opibus
1020 2348 1193 2432 copiisque
1223 2347 1348 2413 bellum

300 2453 476 2518 renovarit.
525 2470 602 2516 XVI.
635 2453 697 2528 Ao,
714 2453 742 2516 si
758 2451 839 2514 mihi
857 2472 946 2515 nunc
964 2451 1120 2516 derebus
1142 2452 1244 2538 gestis
1261 2461 1351 2517 esset

301 2557 406 2620 nostri
430 2557 596 2621 exercitus
623 2556 896 2641 imperatorisque
929 2553 1120 2630 dicendum,
1148 2555 1291 2639 plurima
1315 2564 1350 2621 et

301 2661 445 2725 maxima
460 2661 585 2746 proelia
604 2680 858 2725 commemorare
877 2680 1028 2743 possem3
1051 2657 1110 2724 sed
1134 2680 1200 2723 non
1224 2658 1260 2722 id
1282 2660 1350 2746 agi·

247 2765 288 2828 34
301 2786 384 2828 mus.
421 2764 494 2829 Hoc
511 2764 600 2830 dico:
626 2763 661 2828 Si
678 2763 803 2828 bellum
820 2762 893 2838 hoc,
910 2763 939 2826 si
962 2762 1014 2827 hic
1038 2763 1153 2839 hostis,
1170 2762 1198 2826 si
1214 2762 1272 2827 ille
1289 2785 1347 2827 rex

299 3012 324 3060 p.
338 2997 382 3058 703
401 2996 490 3059 Allen,
504 3012 529 3060 p.
546 2999 603 3057 ron
621 2999 719 3060 Myers,
730 3012 756 3059 p.
768 2995 812 3058 9'i;
832 2995 1037 3051 constitisset,
1057 2993 1128 3044 ‘had
1146 2995 1212 3044 been
1234 3008 1354 3063 concen-¹

300 3073 421 3134 Pennell,
444 3089 470 3136 p.
495 3077 547 3123 121.
584 3074 642 3122 'l'lre
662 3073 718 3122 first
741 3073 812 3123 aller
832 3071 940 3121 trusted)

298 3151 381 3200 refers
391 3158 418 3200 to
427 3150 628 3211 Lucullus;the
638 3150 810 3210 second,and
863 3148 908 3198 26.
926 3147 967 3196 ad
990 3147 1156 3204 Tenedum,
1181 3147 1236 3198 ‘off
1259 3148 1348 3198 Tene-

299 3227 414 3276 ulierice
425 3226 490 3287 also,
505 3233 534 3276 to
546 3227 633 3276 Cotta.
777 3247 778 3252 ¹
831 3223 899 3274 dos.’
945 3227 1097 3273 contento
1115 3236 1243 3280 cursu,
1263 3224 1347 3275 ‘with

330 3302 375 3351 1⁵.
393 3303 578 3364 Bithyniam,
606 3317 621 3351 a
649 3303 755 3352 district
782 3304 812 3352 oi
831 3313 910 3362 cager
931 3299 1027 3348 haste)
1065 3299 1207 3356 ducibus,
1230 3301 1288 3350 said
1317 3307 1347 3351 to

298 3379 365 3428 Asia
383 3380 472 3429 Minor
489 3393 524 3428 on
543 3381 590 3429 the
607 3381 699 3428 shores
716 3379 746 3428 of
763 3380 809 3429 the
831 3376 900 3426 have
911 3375 979 3424 been
997 3376 1138 3425 furnished
1156 3377 1190 3439 by
1201 3377 1344 3428 Sertorius.

297 3453 411 3503 Euxine.
447 3454 607 3516 SeeMapl.
831 3452 918 3501 These
930 3451 1019 3514 places
1031 3467 1076 3501 are
1088 3454 1182 3502 shown
1195 3467 1230 3503 on
1243 3454 1308 3517 Map
1322 3455 1343 3504 1.

329 3531 374 3586 19,
394 3530 441 3579 20.
456 3531 599 3591 impetus,
622 3530 716 3592 ‘fury.'
752 3528 812 3591 Cy.
862 3527 905 3576 31.
924 3540 995 3590 rege
1035 3528 1261 3587 Armeniorum,
1300 3531 1345 3579 'ri-

298 3607 483 3663 zicenorum,
498 3606 561 3655 ‘the
578 3607 671 3668 people
687 3608 718 3655 oi
734 3607 809 3669 Cyzi·
825 3617 934 3670 'grance
954 3607 1166 3658 brother-iulaw
1184 3609 1212 3658 oi
1231 3609 1345 3658 Mithra-

297 3683 361 3743 cos‚'
392 3697 408 3731 a
436 3685 490 3745 city
516 3697 551 3732 on
580 3683 627 3731 the
655 3681 808 3745 Propontis,
830 3685 912 3734 dates

298 3760 396 3820 which,
417 3761 459 3809 ior
477 3761 512 3809 its
529 3759 628 3821 loyalty
647 3765 674 3808 to
694 3760 740 3808 the
759 3761 810 3809 Ro·
862 3761 927 3822 §34
947 3761 972 3808 4.
990 3760 1051 3810 hoc
1069 3760 1189 3811 ...hic
1207 3762 1344 3813 ...111oe

297 3849 384 3899 mans,
398 3851 452 3886 was
470 3836 548 3886 made
565 3849 581 3884 a
599 3836 683 3886 libero
702 3837 807 3887 civitas.
830 3838 879 3888 hoc
891 3837 945 3887 and
957 3837 1001 3888 iic
1019 3851 1063 3888 are
1083 3838 1149 3889 used
1166 3839 1280 3890 because
1297 3840 1346 3891 the
