2870 4376
428 335 508 386 cnr.
531 283 619 397 assa,
643 337 657 397 I
680 334 768 388 vaso.
1112 323 1176 388 499

68 510 215 577 sacratis
253 531 325 575 esse
363 516 528 573 armatum
566 514 712 592 putaret,
752 507 848 573 venit
884 508 918 571 in
958 507 1122 593 templum

70 615 238 691 Castoris,
266 612 484 677 obnuntiavit
506 613 656 677 consuli:
685 633 763 677 cum
785 611 897 678 subito
920 611 1039 678 manus
1063 613 1121 678 illa

70 719 242 785 Clodiana
258 719 292 782 in
317 715 418 782 caede
442 718 569 782 civium
596 739 693 802 saepe
717 718 784 781 iam
807 718 931 782 victrix
955 718 1129 794 exclamat,

69 825 247 900 incitatur,
268 821 418 897 invadit;
441 823 602 886 inermem
617 830 720 906 atque
736 822 925 905 inparatum
949 821 1122 886 tribunum

70 928 133 991 alii
158 926 281 1014 gladiis
302 924 521 1001 adoriuntur,
554 925 612 989 alii
643 925 843 1011 fragmentis
873 933 1066 1010 saeptorum
1089 936 1125 992 et
1148 945 1176 988 Io

70 1031 234 1096 fustibus.
288 1031 322 1094 A
361 1028 484 1114 quibus
516 1029 570 1094 hic
601 1030 719 1093 multis
749 1030 945 1094 vulneribus
976 1031 1121 1114 acceptis

70 1157 110 1200 ac
128 1135 304 1200 debilitato
328 1155 465 1219 corpore
490 1141 525 1199 et
549 1134 783 1198 contrucidato
807 1155 842 1199 se
867 1133 990 1199 abiecit
1011 1136 1122 1198 exani-

70 1247 186 1304 matus
214 1260 324 1324 neque
347 1239 418 1303 ulla
441 1239 564 1303 aliare
588 1238 630 1303 ab
652 1260 687 1304 se
710 1247 851 1303 mortem
875 1239 940 1302 nisi
966 1239 1121 1324 opinione

71 1345 193 1407 mortis
230 1342 374 1426 depulit.
421 1342 532 1421 Quem
562 1364 640 1407 eum
677 1343 842 1407 iacentem
879 1350 915 1407 et
951 1343 1121 1407 cononum

71 1448 229 1532 plurimis
266 1447 465 1512 vulneribus
503 1453 655 1512 extremo
691 1447 814 1531 spiritu
845 1467 1051 1534 exsanguem
1089 1456 1124 1514 ct
1147 1463 1176 1509 15

72 1549 268 1616 confectum
306 1550 469 1626 viderent,
512 1550 754 1637 defetigatione
793 1551 901 1637 magis
939 1559 975 1616 et
1011 1573 1120 1616 errore

73 1675 176 1738 quam
215 1654 441 1718 misericordia
478 1641 523 1718 et'
551 1653 649 1718 modo
680 1654 862 1738 aliquando
893 1653 1029 1721 caedere
1067 1655 1121 1720 de·

72 1759 246 1822 stiterunt.
292 1757 339 1821 Et
369 1779 503 1822 causam
528 1757 611 1822 dicit
639 1757 768 1822 Sestius
793 1757 834 1823 de
858 1758 917 1824 vi?
942 1758 1025 1844 quid
1047 1761 1119 1823 ita?
1134 1765 1174 1826 80

75 1861 168 1938 Quia
203 1862 301 1926 vivit.
347 1862 398 1925 At
427 1860 462 1925 id
492 1883 560 1926 non
591 1882 654 1926 sua
684 1862 804 1948 culpa;
842 1862 941 1948 plaga
971 1884 1039 1926 una
1062 1864 1121 1927 illa

73 1972 226 2029 extrema
263 1964 384 2041 deluit,
417 1986 503 2050 quae
533 1967 563 2030 si
592 1967 798 2042 accessisset,
831 1967 1000 2051 reliquum
1030 1968 1122 2052 spiri-
1145 1983 1175 2030 ao

73 2075 148 2132 tum
175 2067 396 2133 exhausisset.
443 2070 577 2134 Accusa
608 2069 823 2147 Lentidium3
855 2092 923 2135 non
955 2073 1122 2156 percussit

73 2172 185 2236 locum
197 2196 206 2247 ;
238 2175 322 2236 male
353 2172 408 2237 dio
440 2174 543 2251 Titio,
575 2173 697 2240 Sabino
728 2174 855 2239 homini
880 2175 1033 2253 Reatino,
1060 2198 1121 2242 our

74 2282 143 2339 tam
175 2283 300 2340 temere
332 2278 530 2342 exclamarit
561 2280 719 2346 occisum.
780 2279 896 2363 Ipsum
926 2303 1006 2346 vero
1037 2282 1127 2367 quid·

75 2379 233 2444 accusas?
256 2400 337 2443 num
355 2380 466 2445 deluit
481 2382 612 2467 gladiis,
629 2404 710 2446 num
735 2385 947 2469 repugnavit,
972 2407 1064 2460 num,
1081 2393 1122 2450 ut

75 2482 317 2568 gladiatoribus
361 2485 516 2568 imperari
555 2487 650 2561 solet,
690 2485 818 2551 ferrum
856 2508 923 2551 non
972 2490 1121 2573 recepit?
1136 2470 1173 2551 ¹aa

74 2603 237 2650 XXXVIII.
262 2586 320 2649 An
342 2587 424 2652 haee
448 2590 520 2672 ipsa
545 2591 596 2654 vis
622 2597 682 2666 est,
709 2611 777 2654 non
807 2613 903 2676 posse
932 2592 1060 2656 emori?
1086 2613 1128 2656 an

74 2689 143 2766 illa,
160 2689 253 2775 quod
268 2691 424 2756 tribunus
441 2693 486 2776 pl.
511 2694 674 2778 templum
698 2695 914 2761 cruentavit?
938 2716 991 2772 an,
1015 2696 1119 2782 qnod,

108 2939 201 2988 7-17.
229 2940 360 2998 consuli,
393 2941 425 3002 Q.
461 2942 586 2994 Metellus
609 2943 702 2992 lovers
719 2943 749 2993 of
768 2943 886 2995 Clodius.
929 2943 1042 3004 locum,
1060 2945 1122 3024 ‘thp

75 3015 236 3077 Nepos:the
248 3017 372 3065 occasion
385 3017 408 3068 is
417 3024 466 3067 not
475 3020 584 3068 known.
609 3021 681 3083 right
710 3019 804 3083 place,’
836 3023 891 3083 i.e.‚
923 3022 1025 3071 avital
1050 3022 1119 3084 part.

76 3102 167 3152 saepe
179 3091 249 3152 iam,
262 3090 357 3160 ‘often
376 3095 411 3156 by
425 3095 481 3144 this
500 3096 583 3154 time‚’
608 3097 758 3147 Reatino:
781 3112 872 3148 aeeon
885 3098 939 3148 III.
953 3097 978 3146 ⁵.
990 3099 1030 3150 35.
1065 3112 1122 3149 eur

76 3168 104 3217 in
124 3167 241 3218 allusion
255 3173 285 3218 to
303 3171 433 3233 novicios,
450 3172 463 3232 ξ
485 3173 523 3222 78.
545 3173 584 3221 30.
608 3173 807 3222 exclamarit:
828 3164 924 3224 seeon
937 3175 990 3237 Ep.
1009 3176 1119 3227 XVIII.

76 3247 261 3304 saeptorum,
273 3246 321 3295 the
333 3246 486 3298 enclosures
499 3249 527 3297 in
541 3249 587 3298 the
608 3249 633 3296 2.
647 3251 685 3298 15.
708 3250 863 3299 occisum:
875 3265 910 3300 sc.
923 3265 979 3302 osae
993 3252 1118 3302 Scottum.

77 3321 585 3388 comttiumlorvotingpurposes(pto,
608 3337 689 3383 num,
706 3326 822 3376 terrum
843 3339 907 3376 non
925 3329 1052 3390 recepit,
1071 3329 1121 3379 ‘he

77 3396 146 3459 §ffli
158 3397 262 3448 formed
274 3400 309 3462 by
322 3402 413 3452 stakes
429 3403 482 3452 and
502 3417 586 3465 ropes.
608 3402 653 3451 dld
672 3409 720 3452 not
737 3403 827 3453 refusa
851 3402 916 3465 (aon
936 3403 1050 3468 recepit)
1072 3406 1120 3455 the

78 3473 221 3534 opinione
232 3477 350 3535 martin,
360 3478 422 3528 ‘the
433 3479 516 3528 belief
527 3481 586 3529 that
608 3479 704 3541 sword,
718 3480 763 3528 did
781 3480 845 3529 he?’
882 3481 971 3532 When
987 3495 1003 3530 a
1020 3482 1121 3544 gladia-

77 3550 262 3600 hewasdead!
275 3553 586 3612 modo,‘lorbearanee.'
609 3561 651 3604 tor
673 3570 727 3606 was
754 3555 888 3606 disarmed
918 3558 965 3606 tlre
989 3558 1120 3620 populace

109 3627 172 3687 §Sd
204 3626 307 3677 19-25.
333 3630 441 3692 eulpa:
462 3632 504 3681 for
526 3647 586 3682 ease
607 3623 784 3682 decided‘his
806 3634 870 3683 fate.
917 3634 993 3695 They
1014 3634 1119 3697 usually

78 3702 156 3752 eall.
170 3702 196 3750 3.
208 3705 232 3752 5.
268 3719 355 3766 quae,
367 3707 437 3768 subj.
452 3708 481 3756 of
496 3723 586 3758 aeaea—
607 3708 703 3769 spared
726 3709 768 3757 hia
787 3708 834 3758 lile
854 3709 875 3756 if
897 3710 931 3758 he
950 3710 1002 3758 had
1022 3711 1119 3774 fought

78 3779 152 3828 sisset
182 3793 213 3829 or
241 3783 431 3833 echenais-aet?
475 3785 525 3834 See
549 3800 584 3834 on
607 3785 676 3847 well,
690 3787 713 3834 if
729 3793 778 3836 not
789 3788 853 3850 they
864 3787 982 3837 directed
999 3787 1057 3838 hlm
1075 3788 1119 3845 ‘to

78 3854 92 3924 t
108 3854 146 3912 63t
162 3855 202 3913 21,
237 3855 422 3920 acutiorem,
434 3857 523 3922 Titio,
536 3861 597 3916 fot·
607 3864 710 3921 receive
722 3863 769 3921 the
779 3863 861 3920 death
873 3861 963 3924 blom’
