2870 4376
278 285 343 362 454
631 302 703 360 rna
723 302 753 360 r.
779 302 906 361 srsno
928 301 1076 360 omrro.

330 482 428 545 isset:
453 501 561 546 errare
589 480 751 557 homines,
777 482 805 546 si
832 481 932 546 ctiam
961 488 1033 547 tum
1064 486 1219 545 senatum
1251 473 1370 564 aliquid

330 586 366 648 iu
382 607 416 648 re
433 584 566 669 publiea
582 607 677 670 posse
694 585 953 658 arbitr-arentum
969 585 1102 668 equites
1116 605 1194 648 vero
1213 584 1370 647 Romanos

329 687 467 754 daturos
484 690 575 753 illius
592 689 658 754 diei
675 712 808 775 poenas,
826 712 893 774 quo
916 712 967 754 me
993 689 1131 752 consule
1156 710 1235 751 cunr
1258 687 1372 773 gladiis

277 809 307 854 25
330 795 363 856 in
381 793 468 858 clivo
485 792 678 878 Capitolino
694 792 860 868 fuisscut3
885 794 1017 858 venisse
1035 801 1168 875 ternpus
1192 792 1244 865 iis,
1263 792 1321 875 qui
1343 792 1373 853 in

330 898 447 962 timore
464 896 609 961 fuissent
623 897 833 982 (coniuratos
847 896 1006 962 videlicet
1022 894 1185 977 dicebat),
1194 895 1374 960 ulciscendi

329 1003 392 1066 sui.
438 1000 474 1065 Si
490 1000 633 1066 dixisset
650 1000 732 1066 haec
756 1001 877 1075 solum,
894 1000 984 1064 omni
1008 998 1174 1084 supplicio
1198 1008 1290 1063 esset
1313 998 1376 1085 dig-

329 1127 414 1179 nus3
447 1127 525 1168 nam
552 1107 657 1169 oratio
684 1106 757 1189 ipsa
784 1105 932 1169 consulis
961 1104 1146 1188 perniciosa
1172 1110 1287 1186 potest
1312 1125 1376 1167 rem

277 1215 316 1277 29
331 1209 499 1295 publicam
516 1208 715 1274 labefactare
729 1233 737 1284 3
762 1208 845 1292 quid
862 1209 989 1281 fecerit,
1004 1207 1126 1273 videte.
1166 1206 1205 1270 L.
1219 1205 1376 1282 Lamiam,

277 1329 306 1374 ³0
328 1315 481 1397 quicum
496 1334 548 1376 ure
567 1313 677 1397 ipsum
692 1334 752 1396 pro
778 1333 910 1375 sumina
933 1310 1171 1385 familiaritate,
1187 1331 1277 1394 quae
1301 1310 1378 1374 mihi

328 1423 515 1500 compatre
532 1417 604 1481 eius
620 1423 702 1491 erat
720 1416 817 1479 unice
834 1414 1006 1501 diligebat,
1024 1423 1097 1477 tum
1113 1435 1173 1498 pro
1190 1434 1225 1478 re
1246 1413 1380 1498 publica

329 1522 383 1585 vel
411 1528 551 1585 mortem
583 1528 740 1605 oppetere
773 1519 940 1604 cupiebat,
968 1520 1003 1581 in
1031 1519 1187 1584 contione
1215 1519 1381 1605 relegavit

328 1625 511 1710 edixitque,
532 1632 571 1688 ut
586 1624 628 1689 ab
651 1623 731 1689 urbe
759 1624 890 1689 abesset
917 1624 1008 1687 milia
1035 1643 1195 1707 passuum
1222 1621 1380 1694 ducenta

328 1729 420 1813 quod
447 1737 534 1794 esset
560 1749 662 1793 ausus
689 1751 750 1812 pro
778 1728 855 1804 civi,
873 1750 932 1812 pro
960 1727 1044 1792 bene
1072 1727 1192 1791 merito
1219 1728 1305 1803 civi,
1328 1749 1382 1813 pro

276 1846 304 1892 35
327 1835 443 1908 arnico
461 1855 519 1916 pro
536 1855 569 1896 re
586 1832 721 1916 publica
736 1831 917 1916 deprecari.

315 1998 316 2003 ,
372 1954 452 2000 xnr.
486 1936 578 2015 Quid
594 1937 656 2001 hoc
673 1937 807 2001 homine
825 1935 929 2000 facias
946 1944 1005 1999 aut
1021 1957 1089 2020 quo
1105 1936 1214 2000 civem
1232 1936 1385 2021 inportu·

327 2063 409 2104 num
425 2048 486 2104 aut
500 2061 568 2124 quo
585 2040 697 2124 potius
722 2041 851 2106 hostem
881 2049 949 2104 tam
976 2040 1176 2104 sceleratum
1204 2041 1384 2106 reserves?

328 2146 397 2228 qui,
424 2152 465 2208 ut
494 2144 648 2208 omittam
678 2151 799 2220 cetera,
828 2165 913 2229 quae
945 2150 1028 2208 sunt
1062 2143 1094 2208 ei
1124 2163 1200 2208 cunr
1243 2146 1386 2232 conlega

327 2248 454 2311 inmani
490 2247 690 2332 impuroque
729 2249 910 2313 coniuncta
948 2257 1051 2332 atquc
1089 2249 1300 2324 communia,
1331 2249 1385 2312 hoc

289 2367 433 2414 cunum
459 2350 561 2415 habet
587 2353 768 2436 proprium,
786 2359 825 2416 ut
846 2374 888 2416 ex
915 2351 996 2416 urbe
1024 2351 1203 2436 expulerit,
1224 2352 1386 2439 relegarit

327 2476 395 2518 non
418 2453 493 2518 dioc
517 2456 668 2539 equitem
693 2456 892 2531 Romanum,
910 2477 978 2519 nou
1002 2454 1257 2519 ornatissimum
1285 2466 1386 2542 atque

326 2559 490 2643 optimum
506 2560 626 2636 virum,
644 2581 711 2624 non
735 2561 977 2624 amicissimum
1005 2559 1052 2622 rei
1080 2557 1236 2643 publicae
1263 2561 1386 2634 civem,

325 2685 394 2727 non
416 2663 475 2726 illo
502 2664 574 2748 ipso
603 2672 751 2748 tempore
779 2685 846 2728 una
872 2686 949 2728 cum
973 2670 1094 2727 senatu
1120 2670 1263 2727 etcum
1290 2663 1386 2729 bonis

356 2907 402 2957 24.
424 2908 508 2956 illius
542 2909 611 2967 diei,
647 2909 723 2959 ‘tuat
758 2910 841 2972 (well-
895 2909 961 2967 §uu
980 2909 1025 2958 32.
1042 2910 1075 2958 in
1093 2908 1246 2958 contione
1272 2912 1388 2974 relega·

324 2985 436 3046 known)
454 2985 524 3047 day‚’
544 2986 608 3035 Dee.
627 2988 683 3047 oth,
701 2988 741 3048 63,
761 2988 838 3036 when
861 2985 922 3033 vit:
951 2983 1126 3034 banislun'ent
1148 2984 1182 3046 by
1206 2984 1390 3036 administra·

325 3062 371 3110 the
400 3062 518 3123 Knights
546 3064 760 3124 garrisoned
792 3065 839 3112 tue
860 3062 916 3110 tiva
933 3075 1039 3124 process
1055 3075 1110 3110 was
1127 3065 1177 3108 not
1196 3062 1389 3126 unexampled

325 3138 490 3200 Capitolium
517 3145 545 3187 to
573 3146 678 3200 protect
706 3140 752 3188 the
780 3147 839 3189 sen·
860 3138 1061 3204 inthceaseoi
1070 3134 1267 3199 perecrinisp.
1285 3141 1331 3200 55,
1346 3139 1389 3202 59)

324 3218 368 3262 ste
397 3213 425 3260 in
449 3211 496 3260 the
528 3212 628 3275 temple
662 3212 692 3262 of
722 3213 835 3263 Concor·
859 3214 912 3264 and
923 3216 1000 3274 sccii,
1010 3213 1162 3264 butCicerc
1173 3213 1287 3277 rightly
1298 3217 1391 3266 denter

324 3288 377 3337 dia.
860 3291 894 3340 its
917 3287 1027 3353 leg'ality
1046 3291 1075 3340 in
1097 3291 1145 3339 tha
1167 3302 1231 3340 ease
1261 3293 1297 3341 of
1325 3295 1392 3344 civo

356 3363 459 3413 26-29.
493 3364 669 3414 ulciscendi
696 3366 760 3414 sui:
794 3380 837 3416 see
860 3368 986 3418 Romani.

325 3439 507 3492 onI.‘1.17.
552 3441 687 3490 dixisset
701 3441 730 3491 in
745 3449 838 3504 strong

324 3522 446 3566 eontrast
457 3518 522 3566 with
529 3517 641 3577 feeerit,
656 3517 672 3566 l.
687 3519 726 3566 29.
759 3519 837 3579 ipsa,
889 3520 915 3567 1„
932 3519 1090 3569 homine
1113 3518 1230 3568 facias:
1259 3523 1312 3572 for
1338 3534 1394 3572 cest

326 3593 432 3654 ‘rnere,’
455 3608 471 3643 a
490 3596 620 3655 meaning
639 3594 716 3643 often
736 3594 785 3643 left
807 3601 837 3644 to
858 3610 902 3646 sec
920 3611 956 3646 ou
974 3599 1025 3660 Ep.
1044 3596 1122 3647 XIV.
1137 3595 1163 3644 ³.
1176 3598 1222 3658 263
1248 3600 1300 3650 for
1314 3597 1394 3650 mood

324 3668 371 3718 the
394 3675 517 3718 context:
537 3669 571 3719 cf.
592 3669 678 3730 vultu,
700 3671 772 3731 520.
794 3671 833 3720 26.
857 3673 893 3722 cf.
918 3673 1048 3734 §19.·l6.
1096 3684 1159 3733 quo
1185 3695 1212 3722 =
1235 3677 1282 3726 ad
1309 3676 1395 3740 quid:

323 3744 530 3794 labefactare:
558 3746 602 3795 for
625 3746 671 3796 the
693 3746 838 3808 metaphor
858 3747 947 3797 notice
964 3749 999 3797 its
1016 3748 1163 3810 repetltlon
1182 3749 1231 3798 tor
1245 3751 1396 3815 emphasis

323 3835 368 3874 see
379 3836 416 3872 on
428 3823 478 3874 IV.
492 3822 538 3872 22.
549 3823 589 3872 42.
857 3824 925 3874 with
939 3825 1043 3885 potue.
