2936 4376
236 290 299 360 288
576 306 648 356 ruo
671 307 700 356 r.
723 307 843 358 sunna
867 308 1014 360 oslrro.

238 493 267 538 40
289 479 351 554 sui,
380 499 447 541 non
479 485 607 542 veteres
638 479 744 555 amici,
774 501 918 564 quorum
946 481 1005 545 ille
1037 483 1146 566 copia
1163 483 1335 568 quondam

289 581 484 656 abundarat,
501 603 567 644 non
584 581 619 644 hi
635 603 759 658 omueS,
778 585 934 667 quisunt
955 585 989 646 in
1006 607 1041 649 re
1058 585 1193 670 publica
1217 590 1335 674 princi-

288 706 357 771 peS,
395 684 606 750 defuerunt?
666 686 772 750 lmmo
811 688 911 750 etiarn
950 690 1141 754 testimonio
1180 693 1333 780 plerique

289 790 468 854 laeserunt.
515 787 710 854 Statuerant
741 798 873 855 tantum
905 792 990 855 illud
1022 815 1093 858 esse
1122 796 1333 876 maleficium,

289 893 381 979 quod
397 914 464 957 non
480 892 578 957 modo
594 915 661 958 non
678 895 839 959 occultari
862 918 920 981 per
943 919 988 973 se,
1006 898 1066 962 sed
1090 901 1191 965 etiam
1215 904 1335 986 aperiri

235 1013 265 1058 45
287 997 516 1082 illustrarique
547 996 691 1064 deberet.
748 1017 800 1062 111.
833 1000 944 1080 Quam
976 1002 1018 1067 ob
1049 1025 1119 1068 reni
1150 1005 1234 1090 quid
1271 1014 1332 1084 est,

280 1100 371 1186 quod
387 1101 513 1178 mirere,
526 1101 555 1165 si
570 1122 647 1166 oum
663 1102 768 1168 isdem
784 1126 836 1169 me
853 1105 888 1168 in
905 1105 965 1170 hac
982 1129 1080 1172 causa
1096 1108 1190 1174 vides
1207 1109 1333 1187 adesse,

288 1227 364 1270 cum
388 1203 511 1290 quibus
541 1205 577 1268 in
605 1208 723 1270 ceteris
751 1209 920 1296 intellegis
948 1210 1100 1277 aluisse?
1153 1213 1227 1277 Nisi
1254 1237 1333 1280 vero

288 1331 339 1373 me
364 1330 470 1372 unum
493 1310 544 1373 vis
568 1308 677 1373 ferum
702 1319 835 1396 praeter
860 1322 997 1391 ceteros,
1022 1339 1073 1382 mc
1098 1339 1263 1401 asperum,
1280 1341 1333 1385 me

248 1411 507 1476 sinhumanum
546 1415 741 1492 existimari,
774 1439 824 1481 me
864 1419 1027 1504 singulari
1066 1422 1262 1487 inmanitate
1298 1431 1334 1488 et

256 1515 486 1582 8orudelitate
502 1517 700 1602 praeditum.
748 1519 845 1585 Hanc
864 1521 945 1584 mihi
969 1531 1008 1586 tu
1031 1524 1059 1587 si
1083 1533 1219 1609 propter
1242 1547 1332 1592 meas

287 1641 339 1685 res
362 1628 473 1706 gestas
502 1622 644 1706 imponis
667 1625 700 1686 in
728 1626 818 1687 omni
846 1625 916 1689 vita
946 1647 1028 1702 mea,
1051 1626 1235 1713 Torquate,
1262 1652 1334 1714 per-

287 1746 411 1801 sonam,
443 1725 658 1791 vehementer
688 1749 786 1792 erras.
834 1729 890 1793 Me
923 1738 1042 1794 natura
1073 1732 1331 1810 misericordem,

288 1830 394 1913 patria
420 1850 584 1905 severum,
609 1830 777 1897 crudelem
805 1854 865 1896 nec
892 1835 999 1917 patria
1028 1856 1088 1899 neo
1116 1845 1236 1900 natura
1259 1859 1332 1904 esse

236 1950 264 1993 ro
287 1933 413 2008 voluit3
452 1933 597 2020 denique
628 1936 727 1999 istam
758 1938 863 2021 ipsam
894 1959 1068 2021 personam
1099 1940 1333 2006 vehementem

288 2047 322 2103 et
344 2061 463 2114 aorem,
489 2061 590 2124 quam
617 2041 697 2104 mibi
721 2049 794 2105 tum
818 2050 950 2126 tempus
974 2050 1009 2106 et
1038 2065 1088 2108 res
1120 2044 1254 2128 publica
1284 2048 1333 2110 in-

235 2191 237 2194 -
286 2144 407 2227 posuit,
425 2145 489 2207 iam
507 2145 663 2209 voluntas
680 2151 714 2208 et
730 2152 850 2208 natura
865 2145 936 2229 ipsa
953 2144 1109 2210 detraxit.
1157 2147 1221 2211 Illa
1241 2150 1332 2213 enim

286 2247 328 2311 ad
348 2247 446 2314 breve
470 2258 602 2333 tempus
626 2249 841 2314 severitatem
865 2250 1060 2333 postulavit,
1077 2251 1158 2317 haec
1182 2253 1216 2315 in
1240 2256 1331 2318 omni

283 2465 414 2514 members
436 2465 466 2514 oi
487 2465 534 2513 the
557 2478 629 2513 same
649 2463 792 2523 sodalitas,
817 2462 934 2520 mirere,
962 2463 1031 2525 subi.
1062 2465 1091 2513 oi
1118 2465 1327 2516 characteristic.

284 2540 433 2600 collectum,
448 2541 534 2590 words
546 2541 634 2589 which
649 2546 749 2589 cannot
762 2540 793 2588 be
815 2537 844 2586 ⁸1
860 2574 865 2585 .
883 2575 888 2586 .
906 2575 912 2586 .
930 2539 1026 2588 vides.
1062 2539 1096 2590 A.
1108 2540 1155 2590 333
1165 2541 1179 2590 b
1190 2541 1280 2604 Rem.;
1294 2542 1326 2592 G.

282 2617 380 2679 always
404 2617 609 2680 distinguished.
646 2617 680 2664 ln
709 2616 793 2664 Rome
816 2615 949 2664 earnem.
964 2617 1055 2666 adfin.

283 2695 357 2744 there
370 2709 437 2744 were
455 2708 599 2744 numerous
616 2694 706 2742 orders
723 2692 793 2750 (reli-
848 2692 892 2752 §8.
902 2691 964 2741 6-9.
981 2691 1071 2741 Hanc
1079 2694 1102 2743 is
1110 2693 1174 2742 here
1183 2694 1329 2756 unusually

282 2772 356 2833 gious
376 2773 548 2832 fraternities,
568 2772 686 2836 politieal
706 2770 791 2831 clnbs,
815 2768 858 2816 iar
879 2768 949 2818 irom
973 2770 1009 2819 its
1031 2771 1199 2820 substantive
1228 2769 1329 2833 (uerso-
1391 2765 1396 2774 '

282 2849 467 2898 trade-unione
475 2848 607 2912 orguilds)
616 2849 704 2897 whose
713 2862 792 2896 niem·
814 2843 903 2906 acini:
926 2845 971 2907 ci„
990 2847 1123 2907 however,
1148 2861 1248 2908 mosao
1266 2884 1272 2896 .
1292 2885 1297 2897 .
1319 2885 1325 2898 .

282 2924 341 2974 bers
354 2941 421 2976 were
433 2927 524 2976 bound
538 2933 567 2976 to
581 2927 687 2976 mutual
705 2928 792 2976 assist·
814 2924 917 2984 uratia,
928 2923 949 2971 Ι.
962 2922 1008 2971 11-
1020 2923 1093 2985 8-10,
1104 2924 1193 2973 where
1200 2925 1247 2972 the
1254 2937 1328 2975 sarna

281 3001 408 3051 anceand
419 3008 545 3065 support:
556 3017 599 3052 see
612 3003 680 3052 Mur.
694 3001 740 3050 56.
750 3003 789 3052 26.
815 3000 929 3048 number
935 2999 964 3048 oi
973 3000 1060 3049 words
1068 3000 1229 3050 intervenes.
1259 3013 1327 3063 per-

814 3089 930 3133 sonam,
943 3076 1046 3138 strictly
1058 3077 1104 3126 the
1117 3077 1195 3126 mask
1206 3078 1271 3126 used
1293 3079 1327 3140 by

313 3153 426 3204 Neither
437 3156 482 3205 the
495 3155 609 3218 severity
620 3155 709 3204 which
718 3155 791 3204 Cice·
813 3159 901 3202 actors
920 3167 956 3202 on
977 3153 1023 3202 the
1042 3154 1151 3203 ancient
1169 3159 1251 3217 stage.
1286 3154 1326 3204 As

281 3244 310 3278 ro
321 3230 428 3281 shewed
442 3233 555 3282 towards
568 3231 685 3281 Catilina
703 3233 731 3281 in
748 3233 790 3282 his
813 3231 878 3278 each
900 3235 961 3292 type
983 3228 1085 3294 (young
1103 3244 1176 3291 man,
1190 3229 1234 3279 old
1251 3245 1324 3290 man,

281 3307 445 3370 consulship,
456 3322 506 3358 nor
514 3309 556 3358 his
569 3314 659 3358 recent
667 3309 790 3370 proceed-
812 3305 918 3367 soldier,
930 3307 1055 3368 parasite,
1067 3305 1131 3368 etc.)
1144 3305 1197 3355 had
1208 3307 1242 3356 its
1251 3320 1327 3368 sepa-

282 3381 339 3444 ings
368 3383 474 3446 against
503 3381 661 3443 Autronius,
691 3384 789 3446 justiiy
812 3388 868 3431 rate
880 3383 966 3444 mask,
977 3383 1025 3433 the
1034 3383 1107 3432 word
1119 3397 1194 3433 carne
1207 3389 1234 3433 to
1246 3398 1325 3432 mean

280 3455 441 3520 Torquatus’
467 3460 565 3522 charge
588 3459 618 3508 oi
646 3461 789 3510 inconsist-
813 3457 984 3521 ‘charactea’
1014 3474 1044 3509 as
1071 3460 1143 3509 here.
1190 3459 1224 3508 In
1256 3461 1325 3522 good

280 3547 353 3597 ency.
813 3535 893 3584 Latin
921 3535 943 3585 it
966 3549 1048 3585 never
1070 3550 1164 3585 means
1189 3534 1323 3598 ‘person’

312 3610 338 3668 1,
350 3610 375 3659 2.
392 3611 468 3673 quid
490 3615 546 3670 est,
567 3612 652 3674 quod
672 3612 788 3670 mirere,
811 3615 944 3660 natura.
961 3648 967 3660 .
984 3647 990 3660 .
1007 3613 1115 3674 patria,
1154 3613 1255 3675 patria
1271 3648 1277 3660 .
1294 3647 1299 3659 .
1318 3648 1325 3659 .

278 3687 307 3735 ut
323 3723 329 3736 .
347 3723 352 3735 .
370 3724 376 3736 .
393 3687 496 3738 vides:
526 3688 604 3752 ‘why
631 3690 653 3738 is
682 3690 702 3738 it
730 3690 789 3737 that
811 3693 935 3737 natura:
951 3689 1096 3752 ehiasmus,
1113 3689 1157 3738 ior
1174 3689 1263 3739 which
1280 3703 1325 3738 see

279 3778 333 3826 you
348 3779 393 3814 are
410 3765 544 3827 surprised
561 3770 590 3815 at
609 3766 708 3828 seeing,
726 3765 787 3815 etc'
812 3780 847 3815 on
860 3765 910 3816 IV.
925 3765 971 3814 17.
983 3766 1023 3818 27.

279 3841 371 3903 quod,
383 3841 442 3894 adv.
458 3841 572 3905 acc.,lit.
585 3841 630 3894 ‘as
643 3849 670 3893 to
679 3843 787 3895 whiolr.'
844 3842 889 3898 12,
910 3841 955 3891 13.
988 3841 1053 3900 Illa,
1076 3841 1168 3894 haec:
1193 3843 1240 3893 the
1264 3857 1325 3906 pro-
