2838 4380
479 344 533 394 ur.
560 343 649 405 xrv„
675 345 689 406 s
712 345 768 396 aa.
1124 329 1189 397 399

92 516 159 586 Sed
174 520 255 585 haec
271 521 399 584 minora
413 525 504 583 sunt.
552 517 607 581 Tu
623 517 715 601 quod
731 540 782 582 me
799 518 951 594 hortaris,
969 525 1010 582 ut
1025 518 1136 583 animo
1160 523 1179 585 5

91 625 154 688 sim
177 646 299 710 magno
326 631 361 688 et
385 645 479 708 spem
505 621 645 686 habeam
672 621 916 706 recuperandae
944 622 1074 699 salutis,
1102 623 1137 686 id

91 728 194 793 velim
210 729 255 792 sit
277 726 450 803 eiusmodi,
469 733 508 790 ut
534 732 624 791 recte
652 747 784 811 sperare
811 727 987 811 possimus.
1034 726 1134 792 Nunc

92 833 192 896 miser
208 831 343 916 quando
360 839 434 896 tuas
451 831 517 895 iam
541 830 671 895 litteras
699 830 887 915 accipiam?
912 832 988 914 quis
1013 831 1057 895 ad
1083 855 1135 898 me

91 935 263 1021 perferet?
299 957 383 1020 quas
410 957 473 1022 ego
500 941 746 1020 exspectassem
776 933 960 1011 Brundisii,
989 937 1017 1000 si
1049 946 1138 1002 esset
1159 953 1189 997 45

92 1040 221 1104 licitum
254 1062 314 1125 per
345 1046 474 1115 nautas,
508 1040 568 1123 qui
603 1045 836 1122 tempestatem
871 1042 1136 1123 praetermittere

91 1145 282 1208 noluerunt.
330 1143 430 1222 Quod
453 1143 622 1227 reliquum
639 1151 699 1218 est,
716 1150 869 1208 sustenta
896 1151 939 1219 te,
956 1166 1029 1210 mea
1057 1145 1135 1209 Ter·

91 1249 192 1324 entia,
210 1257 249 1313 ut
263 1255 369 1334 potes
417 1247 662 1312 Honestissima
680 1247 837 1323 viximus,
855 1246 1049 1314 floruimus:
1068 1271 1134 1314 non

92 1352 211 1417 vitium
227 1360 389 1428 nostrum,
403 1350 462 1416 sed
476 1352 583 1415 virtus
601 1361 714 1414 nostra
728 1372 787 1414 nos
803 1350 944 1427 afflixit3
961 1361 1132 1436 peceatum

91 1445 143 1520 est
158 1456 300 1533 nullum,
318 1456 383 1520 nisi
400 1455 490 1541 quod
509 1476 575 1518 non
595 1475 660 1518 una
676 1456 819 1518 animam
839 1476 914 1520 eum
933 1459 1136 1522 ornamentis
1159 1472 1189 1518 50

90 1560 283 1636 amisimus3
306 1559 376 1636 sed,
406 1561 433 1624 si
462 1559 522 1623 hoc
540 1557 607 1623 fuit
634 1558 746 1622 liberis
773 1561 896 1624 nostris
920 1561 1058 1646 gratius
1075 1581 1135 1626 uos

90 1663 215 1740 vivere,
239 1671 359 1740 cetera,
388 1683 592 1748 quamquam
610 1660 747 1726 ferenda
775 1684 841 1727 non
870 1671 961 1739 sunt,
978 1663 1133 1730 ieramus.

90 1766 201 1852 Atqui
217 1790 289 1854 ego,
307 1768 416 1852 quite
435 1766 604 1843 confirmo,
622 1766 692 1850 ipse
709 1788 761 1831 me
778 1789 844 1831 non
870 1789 1015 1851 possum.
1063 1768 1138 1832 Cle
1159 1773 1179 1835 6

91 1870 183 1936 dium
201 1871 441 1945 Philetaerum,
460 1870 553 1956 quod
569 1869 764 1936 valetudine
781 1872 954 1936 oculorum
979 1872 1135 1956 impedie-

89 1975 197 2053 batur,
237 1976 405 2042 hominem
447 1971 590 2051 fidelem,
629 1975 751 2039 remisi.
808 1973 989 2040 Sallustius
1029 1975 1137 2039 officio
1159 1993 1189 2037 os

89 2082 196 2146 vincit
206 2103 330 2146 omnes.
375 2080 583 2147 Pescennius
596 2086 651 2143 est
660 2077 902 2163 perbenevolus
915 2079 1020 2157 nobis,
1033 2102 1133 2164 quem

89 2207 219 2271 semper
242 2208 338 2271 spero
365 2187 416 2250 tui
434 2185 505 2249 fore
534 2182 776 2247 observantem.
823 2182 918 2248 Sicca
944 2182 1078 2249 dixerat
1098 2207 1134 2250 se

90 2311 219 2354 mecum
232 2289 314 2366 fore,
326 2289 385 2356 sed
399 2287 580 2353 Brundisio
593 2284 756 2351 discessit.
796 2286 895 2362 Cura,
907 2287 1018 2371 quoad
1029 2296 1133 2372 potes,

90 2394 255 2459 utvaleas
272 2395 368 2460 etsie
393 2393 578 2477 existimes,
596 2412 647 2455 me
664 2390 898 2455 vehementius
922 2398 981 2455 tua
1005 2393 1136 2457 miseria

89 2518 192 2582 quam
209 2519 281 2563 mea
304 2497 516 2562 commoveri.
563 2494 641 2559 Mea
666 2494 833 2570 Terentia,
851 2493 1011 2559 fidissima
1034 2503 1135 2580 atque
1159 2515 1189 2560 co

88 2603 215 2687 optima
241 2623 338 2678 uxor,
355 2610 390 2667 et
417 2623 490 2666 mea
517 2599 685 2664 carissima
712 2598 814 2662 filiola
842 2607 878 2663 et
903 2620 980 2683 spes
1008 2600 1137 2684 reliqua

88 2713 211 2782 nostra,
230 2704 357 2784 Cicero,
374 2707 496 2772 valete.
542 2702 598 2766 Pr.
616 2703 658 2765 K.
676 2701 756 2765 Mai.
774 2702 967 2767 Brundisio.

120 2913 166 2973 §r'a
185 2911 287 2961 41-46.
301 2913 387 2974 quod
399 2948 404 2960 .
416 2948 422 2960 .
434 2948 440 2960 .
452 2909 599 2961 hortaris:
627 2907 655 2955 in
668 2908 705 2956 ΙΙ.
717 2908 762 2956 27.
772 2909 811 2957 21.
845 2907 907 2956 nisi
916 2908 1016 2969 quod:
1035 2909 1107 2958 what
1116 2911 1137 2959 is

88 2986 123 3037 ci.
134 2988 183 3049 Ep.
196 2987 277 3038 XIII.
289 2988 314 3035 1.
326 2988 351 3036 4.
385 2985 600 3037 velimsit:for
626 2985 703 3034 nist?
724 2984 766 3033 01.
777 2985 826 3047 Ep.
837 2984 871 3034 V.
882 2984 907 3032 1.
920 2985 943 3034 2.
977 2997 1137 3034 ornamen-

92 3065 228 3113 moodscf.
240 3065 289 3126 Ep.
305 3063 355 3113 IX.
368 3063 385 3113 i.
396 3066 418 3124 1,
428 3065 450 3113 2.
471 3073 600 3123 exspec-
626 3059 681 3107 tis:
701 3059 736 3108 ci.
751 3059 817 3109 Suii.
833 3059 879 3109 ⁵0.
892 3062 914 3110 1.
950 3072 1136 3121 quamquam

88 3141 207 3188 tassem
232 3139 390 3188 Brundisii
414 3138 453 3202 t:
463 3140 601 3199 exspecta-
624 3170 630 3182 .
648 3169 654 3182 .
671 3170 677 3181 .
693 3132 844 3193 ieramus;
861 3135 897 3184 ol.
912 3134 934 3186 Ι.
947 3135 994 3191 18,
1006 3136 1046 3196 35,
1062 3137 1101 3185 36.

87 3225 144 3262 rem
152 3212 222 3274 tici:
234 3213 277 3262 for
285 3219 362 3263 tense
373 3227 417 3262 see
425 3217 459 3262 or'r
472 3213 522 3275 Ep.
533 3209 599 3261 XII.
656 3208 668 3266 5
680 3211 703 3260 6.
723 3209 825 3260 53-62.
843 3209 988 3261 Clodium
999 3209 1137 3269 111511-

89 3287 213 3348 1.1‚and
230 3289 265 3338 ci.
284 3286 297 3344 i
314 3289 338 3338 3.
359 3289 398 3338 18.
433 3290 518 3337 esset
535 3287 600 3336 lici·
623 3285 745 3344 iustius,
773 3286 973 3342 Pescennius.
997 3287 1136 3338 freedmen

88 3365 170 3410 tum:
187 3363 311 3412 forform
323 3377 368 3413 see
380 3362 414 3412 A.
429 3363 475 3412 146
492 3377 506 3412 c
524 3367 600 3423 ncte3
624 3362 798 3412 crciientsof
810 3363 912 3414 Cicero.
947 3363 1137 3425 valetudine,

90 3436 123 3487 G.
137 3451 162 3499 p.
174 3439 278 3500 114311.
292 3439 348 3488 199.
372 3439 599 3498 tempestatem.
624 3440 811 3489 acoemeuto:
824 3439 897 3488 what
906 3440 995 3490 here?
1028 3437 1136 3489 Sicca:

89 3525 106 3560 a
123 3525 174 3562 tot
192 3513 301 3563 media:
316 3526 361 3562 see
376 3526 412 3561 on
429 3512 480 3563 IV.
499 3512 544 3563 12.
555 3514 599 3575 403
623 3513 658 3563 ei.
672 3513 723 3576 Ep.
736 3514 787 3563 XI.
802 3513 819 3563 l.
833 3514 857 3564 3.
892 3514 939 3563 Pr.
949 3513 987 3563 K.
999 3515 1047 3564 the
1061 3528 1137 3578 regu·

90 3588 165 3637 what
186 3588 253 3637 kind
271 3589 301 3638 of
323 3587 442 3638 westher
463 3588 549 3637 bere?
570 3589 598 3637 in
623 3590 664 3639 lar
675 3590 875 3639 abbreviation:
892 3591 981 3640 notice
993 3591 1073 3654 again
1091 3591 1138 3639 tire

90 3663 167 3715 Caes.
186 3665 237 3716 IV.
248 3664 326 3727 23.1,
336 3665 390 3714 and
399 3663 491 3714 292?
624 3666 755 3728 irregular
784 3668 943 3728 expression
972 3667 1137 3720 substituisti

121 3738 224 3790 47-52.
241 3737 335 3800 Quod
343 3739 496 3801 reliquum
508 3743 600 3796 estas
623 3742 667 3792 ior
684 3742 705 3791 it
722 3741 751 3790 in
768 3744 781 3804 5
798 3741 877 3793 3.19.
