2870 4376
440 335 522 388 oar.
546 337 635 400 42-43,
660 335 778 399 sor-94.
810 351 811 354 ¹
1118 321 1208 414 509Χ

74 511 205 594 cesse),
223 516 362 575 atcerte
379 509 414 572 in
431 509 632 573 necessitate
657 506 889 573 defendendae
906 509 1025 574 salutis
1048 529 1130 575 suae

74 613 316 699 praesidioque
332 621 448 678 contra
464 614 531 677 vim
550 619 585 676 et
600 632 735 676 manum
753 612 973 697 conparando.
1154 629 1183 676 ss

122 735 231 782 xtm.
258 717 288 782 Ο
305 717 340 781 di
355 713 577 781 immortales!
603 736 783 800 quemnam
799 714 976 781 ostenditis
998 719 1127 782 exitum
1143 720 1184 784 93

75 822 189 900 nobis,
206 843 307 908 quam
331 843 425 905 spem
449 821 497 885 rei
524 821 676 906 publicae
700 819 811 886 datis?
833 828 959 905 quotus
984 823 1130 907 quisque

75 927 276 992 invenietur
309 933 405 990 tanta
435 926 562 990 virtute
595 925 654 1001 vir,
686 926 745 1010 qui
776 925 934 1009 optimam
960 947 1129 1011 quamque

77 1041 216 1096 causam
233 1031 281 1095 rei
298 1029 451 1114 publicae
477 1029 712 1114 amplectatur,
730 1030 789 1113 qui
806 1029 902 1094 bonis
918 1030 999 1094 viris
1023 1029 1131 1095 deser·

76 1134 163 1212 viat,
179 1135 239 1218 qui
255 1133 396 1198 solidam
416 1132 549 1198 laudern
567 1153 748 1218 veramque
765 1133 925 1217 quaerat?
950 1155 1027 1197 oum
1038 1135 1133 1218 ‘sciat
1168 1151 1183 1197 a

77 1237 150 1302 duo
166 1238 225 1301 illa
240 1239 288 1303 rei
311 1237 464 1322 publicae
481 1258 585 1321 paene
605 1237 684 1314 iata,
704 1237 887 1302 Gabinium
905 1244 941 1302 et
961 1237 1129 1315 Pisonem,

77 1341 227 1406 alterum
242 1341 375 1406 haurire
403 1340 525 1405 cotidie
552 1363 594 1406 ex
618 1341 837 1426 pacatissimis
865 1348 969 1426 atque
992 1342 1129 1427 opulen-

77 1446 220 1510 tissimis
240 1443 355 1532 Syriae
372 1445 462 1531 gazis
478 1445 722 1510 innumerabile
738 1445 870 1530 pondus
894 1447 977 1522 auri,
1002 1446 1129 1511 bellum

77 1547 206 1614 inferre
237 1548 500 1634 quiescentibus,
530 1556 570 1612 ut
598 1571 714 1615 eorum
741 1557 873 1616 veteres
903 1549 1129 1635 inlibatasque

78 1652 218 1718 divitias
233 1653 268 1715 in
285 1651 586 1743 profundissimum
603 1653 781 1717 libidinum
807 1676 945 1719 suarum
961 1655 1128 1740 gurgitem
1153 1668 1183 1713 1o

79 1755 275 1842 profundat,
293 1757 409 1821 villam
429 1757 603 1822 aedificare
628 1759 663 1820 in
692 1759 798 1823 oculis
824 1759 973 1822 omnium
991 1766 1129 1836 tantam,

79 1862 259 1947 tugurium
282 1861 414 1925 utiam
442 1859 598 1925 videatur
628 1883 700 1926 esse
728 1862 786 1925 illa
814 1861 905 1938 villa,
934 1881 1035 1946 quam
1059 1863 1129 1946 ipse

79 1964 237 2030 tribunus
269 1964 313 2048 pl.
346 1965 469 2048 pictam
503 1965 583 2027 olim
615 1965 649 2027 in
681 1965 894 2030 contionibus
930 1965 1129 2050 explicabat,

80 2088 150 2152 quo
166 2067 385 2132 fortissimum
404 2089 441 2132 ac
468 2089 637 2131 surnmum
663 2070 770 2133 civem
792 2071 826 2133 in
853 2069 1015 2134 invidiam
1031 2069 1130 2135 horno

80 2180 193 2236 castus
209 2193 246 2236 ao
276 2193 341 2235 non
368 2171 511 2256 cupidus
532 2180 687 2247 vocaret3
712 2174 855 2238 alterum
880 2174 1066 2239 Thracibus
1090 2197 1128 2240 ac
1143 2174 1184 2237 94

113 2311 177 2371 593.
191 2309 253 2358 1-7.
271 2309 297 2358 Ο
311 2309 344 2358 di
355 2309 501 2359 immort:
521 2310 592 2358 what
619 2311 710 2360 before
754 2313 802 2360 the
846 2313 1031 2374 conjunction.
1079 2312 1133 2361 illa

81 2385 228 2436 variations
241 2385 268 2434 in
281 2386 310 2447 ἐς
323 2385 361 2436 Π.
375 2386 419 2446 31;
438 2387 475 2434 19.
491 2387 533 2448 123
551 2387 590 2435 53.
618 2386 700 2444 villa,
719 2388 748 2436 oi
771 2387 912 2438 Lucullus:
935 2402 978 2438 see
1001 2403 1037 2438 on
1059 2389 1129 2438 Mur.

81 2462 135 2512 lt?
157 2461 422 2524 quotusquisque
445 2496 451 2509 .
473 2496 479 2509 .
503 2497 508 2509 .
531 2462 593 2510 vir:
618 2463 664 2512 20.
685 2465 723 2513 12.
760 2477 853 2526 quam
872 2465 998 2527 pictam,
1025 2465 1055 2514 ‘a
1078 2467 1133 2528 pic-

80 2539 177 2588 rendcr
195 2539 231 2602 by
249 2539 297 2588 the
320 2539 418 2602 plural,
441 2537 520 2588 ‘how
539 2539 592 2588 few
618 2541 726 2589 tureos
748 2542 856 2591 which)
892 2542 980 2592 When
999 2541 1132 2592 Gabinius

81 2629 144 2664 rnen
166 2614 220 2665 will
243 2616 276 2665 be
299 2615 405 2666 found)
451 2614 592 2672 solidam,
619 2618 648 2666 in
665 2618 708 2668 his
729 2619 868 2668 tribunate
881 2617 937 2681 (oi)
952 2633 1006 2668 was
1019 2619 1132 2668 endeav-

82 2691 172 2753 ·r·eal,’
191 2691 352 2754 ‘genuine3’
371 2691 513 2755 originally
527 2693 591 2741 used
620 2695 697 2757 oring
730 2699 760 2743 to
790 2709 882 2745 secure
911 2695 957 2744 the
988 2696 1131 2745 command

81 2769 110 2818 oi
132 2767 240 2817 metals:
263 2769 297 2818 cf.
320 2783 370 2818 our
390 2767 473 2817 ‘solid
491 2767 590 2816 silver.’
619 2771 725 2832 against
737 2771 783 2820 the
801 2771 901 2833 pirates
919 2771 963 2820 ior
975 2772 1130 2833 Pompeius,

81 2856 204 2906 paene
235 2844 325 2902 iata,
358 2843 425 2894 ‘evil
457 2845 590 2907 geniuses,
618 2847 653 2895 he
671 2847 738 2896 tried
758 2852 787 2896 to
807 2849 887 2896 make
906 2848 1005 2910 capital
1025 2849 1132 2910 against

81 2920 195 2970 almost’
242 2921 300 2970 The
323 2921 475 2970 accusative
498 2921 520 2970 is
542 2920 593 2969 leit
619 2923 746 2973 Lucullus
774 2925 809 2986 by
832 2924 958 2987 divelling
986 2939 1059 2986 upon
1089 2925 1132 2974 his

81 2997 202 3060 hanging
215 2997 260 3056 (cf.
275 2997 340 3058 §bi
353 2998 405 3059 14),
416 2997 497 3060 being
509 2997 591 3045 taken
618 2999 716 3049 rvealth
731 3001 784 3050 and
803 3001 944 3050 luxurlous
962 3002 1061 3050 habits.
1097 3001 1131 3049 In

82 3088 118 3135 up
138 3074 173 3136 by
196 3075 243 3123 the
272 3073 399 3136 partitive
424 3075 592 3136 appositions
618 3077 649 3126 66
668 3079 715 3126 the
733 3079 876 3127 command
894 3079 1001 3140 against
1018 3077 1133 3126 Mithra-

84 3150 198 3200 alterum
209 3149 237 3212 (l.
250 3150 276 3212 7)
295 3186 301 3199 .
322 3187 328 3200 .
349 3151 486 3200 ‚alteram
500 3149 527 3212 (l.
539 3149 589 3212 15),
619 3154 693 3202 dates
716 3167 770 3203 vvas
792 3155 875 3203 taken
907 3155 977 3202 horn
1003 3153 1131 3204 Lucullus

83 3226 185 3277 instead
197 3228 226 3277 oi
243 3227 324 3290 being
335 3229 414 3276 made
427 3228 497 3276 their
509 3227 592 3289 parti·
619 3228 718 3290 largely
730 3243 764 3277 on
777 3235 893 3278 account
905 3229 934 3278 oi
951 3229 994 3278 his
1006 3228 1131 3291 personal

84 3304 268 3366 tivegenitive.
300 3303 519 3366 pacatissimis,
530 3317 592 3353 con·
619 3303 820 3368 unpbpuiarity,
841 3319 866 3366 p.
888 3306 928 3366 20,
949 3304 962 3362 ξ
985 3306 1025 3354 23.
1061 3317 1131 3366 quo,

83 3380 175 3429 nected
206 3381 273 3430 vvith
305 3382 391 3442 aazia,
422 3381 526 3443 though
563 3381 591 3428 in
618 3382 691 3442 final,
705 3383 809 3445 though
827 3395 863 3430 no
881 3382 1063 3444 comparative
1081 3381 1132 3430 fol-

83 3470 156 3506 sense
167 3471 241 3506 more
252 3457 425 3520 appropriate
438 3463 466 3506 to
482 3457 589 3517 syriae.
617 3458 693 3508 lows.
727 3457 822 3507 homo
841 3460 955 3516 castus,
968 3463 1030 3520 etc,
1051 3457 1132 3507 ironi-

112 3532 341 3591 11-15.v111am‚
353 3547 419 3596 near
431 3533 589 3593 Tusculum,
618 3535 658 3584 cal
676 3535 705 3584 oi
722 3535 863 3584 Gabinius,
899 3547 937 3583 ac
955 3547 1019 3584 non
1037 3536 1059 3584 is
1076 3547 1132 3582 cor-

83 3610 167 3658 where
188 3608 282 3659 Cicero
304 3609 361 3658 also
384 3610 437 3658 had
464 3623 524 3659 one.
559 3609 591 3657 ln
618 3611 700 3673 rectly
712 3611 777 3660 used
790 3611 895 3659 instead
908 3610 937 3660 oi
953 3624 1040 3672 acque
1052 3610 1131 3658 when

84 3684 187 3742 oculis,
210 3687 266 3746 ie,
290 3687 405 3735 without
425 3690 541 3748 attempt
563 3693 592 3734 at
617 3688 664 3736 the
676 3688 800 3748 negative
819 3687 904 3736 forms
922 3701 974 3735 one
993 3687 1053 3735 idea
1065 3686 1131 3735 with

84 3761 272 3811 concealnrent.
306 3763 463 3824 tugurium
478 3764 527 3810 utt
544 3762 591 3811 the
618 3765 664 3812 the
672 3764 743 3812 word
753 3763 902 3812 itmodifies
912 3761 986 3825 (non
996 3761 1130 3824 cupidus

84 3839 214 3900 emphatic
227 3839 300 3888 word
318 3854 348 3888 or
365 3840 451 3887 words
468 3839 498 3886 oi
515 3852 531 3886 a
547 3837 591 3887 de·
620 3863 645 3886 =
661 3837 844 3900 ‘unselfish').

84 3915 197 3989 pendent
208 3915 298 3974 clause
315 3930 361 3974 are
377 3915 530 3986 frequently
542 3920 591 3985 put
650 3916 715 3983 594.
733 3914 779 3968 15.
796 3915 936 3977 uterum,
950 3916 1019 3972 Flso.
