2876 4378
222 297 286 366 600
486 312 558 366 rao
581 312 611 365 r.
637 313 757 365 numo
779 312 924 364 mnonrr
947 311 1094 364 orario.

274 488 341 552 lere
353 488 548 572 potuissetis
561 495 620 551 aut
635 485 745 550 ferre?
791 485 972 569 Imperium
985 485 1080 550 illesi
1093 493 1213 550 nactus
1234 493 1337 552 esset

274 593 447 656 —omittc
478 593 594 667 socios
629 597 759 655 exteras
775 591 949 665 ,nationes
983 612 1086 676 regeS,
1119 591 1312 656 tetrarchas
1324 615 1335 666 3

275 702 353 760 vota
383 695 471 758 enim
502 694 666 770 laceretis,
701 702 740 758 ut
769 695 804 757 in
835 717 890 758 eos
921 717 957 759 se
988 696 1102 780 potius
1132 695 1337 762 inmitteret

223 817 251 862 10
273 820 374 883 quam
412 801 445 861 in
485 806 611 863 vestras
643 801 878 883 possessiones
911 807 1023 864 vestra
1053 806 1153 876 tecta,
1194 809 1335 866 vestras

274 902 765 990 pecunias—pecuniasdi003
789 925 808 966 a
831 903 945 968 liberis
969 903 1098 993 medius
1121 904 1220 969 fidius
1247 914 1284 970 et
1310 927 1335 969 a

274 1008 472 1095 coniugibus
499 1009 621 1072 vestris
649 1029 834 1092 numquam
861 1007 918 1072 ille
945 1007 1125 1073 effrenatas
1149 1031 1226 1073 suas
1252 1009 1335 1074 libi·

276 1111 371 1176 dines
402 1111 617 1176 cohibuisset.
676 1111 775 1198 Fingi
802 1111 883 1175 haec
912 1100 1050 1196 putatis,
1075 1133 1160 1196 quae
1192 1119 1331 1196 patent,

274 1236 360 1299 quae
398 1223 478 1280 nota
516 1222 598 1279 sunt
636 1214 798 1291 omnibus,
831 1236 917 1300 quae
949 1223 1116 1293 tenentur,
1147 1238 1333 1281 servorum

221 1335 249 1380 15
272 1321 439 1385 exercitus
457 1320 553 1382 illum
571 1321 606 1382 in
622 1319 703 1385 urbe
728 1320 998 1404 conscripturum
1012 1320 1127 1397 fuisse,
1153 1341 1212 1404 per
1235 1342 1330 1405 quos

273 1431 379 1488 totam
411 1446 479 1488 rem
511 1424 680 1510 publicam
711 1445 829 1510 resque
862 1425 1009 1509 privatas
1041 1425 1189 1488 omnium
1219 1428 1333 1509 possi-

221 1530 259 1592 77
275 1527 394 1592 deret?
440 1528 551 1608 Quam
575 1528 618 1594 ob
645 1549 725 1604 rem,
750 1529 778 1592 si
811 1535 989 1592 cruentum
1020 1528 1171 1615 gladium
1202 1536 1332 1595 tenens

275 1632 433 1696 clamaret
461 1633 501 1696 T.
529 1632 685 1697 Annius:
719 1631 877 1709 ‘Adeste,
903 1653 1038 1718 quaem,
1064 1640 1167 1717 atque
1194 1631 1331 1712 audite,

272 1735 381 1801 cives!
428 1737 466 1800 P.
485 1737 640 1802 Clodium
663 1737 830 1815 interfeci,
847 1739 919 1802 eius
944 1737 1084 1814 furores,
1108 1759 1193 1822 quos
1216 1739 1330 1804 nullis

219 1855 249 1901 20
270 1840 336 1903 ianr
374 1841 516 1928 legibus,
548 1842 651 1907 nullis
689 1841 822 1906 iudiciis
862 1841 993 1907 frenare
1024 1848 1224 1926 poteramus,
1257 1842 1330 1907 hoo

273 1943 360 2008 ferro
384 1953 418 2010 et
441 1945 501 2010 hac
523 1945 663 2010 dextera
687 1967 707 2008 a
731 1945 917 2010 cervicibus
949 1947 1069 2010 vestris
1093 1946 1235 2030 reppuli,
1260 1967 1332 2030 per

272 2069 324 2112 me
349 2057 389 2113 ut
412 2070 518 2115 unum
536 2050 599 2126 ius,
624 2051 787 2136 aequites,
817 2050 918 2136 leges,
946 2049 1092 2127 libertas,
1118 2049 1236 2135 pudor,
1261 2073 1331 2134 pu·

272 2151 387 2217 dicitia
417 2155 461 2217 in·
492 2155 628 2219 civitate
662 2153 850 2218 maneret:’
890 2162 979 2219 esset
1008 2176 1088 2219 vero
1120 2153 1327 2232 timendum,

242 2315 246 2320 ,
272 2278 417 2341 quonam
434 2259 531 2322 modo
548 2257 583 2320 id
606 2257 709 2323 ferret
736 2259 864 2322 civitae.
913 2257 1012 2322 Nunc
1040 2259 1129 2322 enim
1155 2259 1230 2342 quis
1255 2267 1326 2336 est,

218 2375 248 2421 25
270 2361 329 2444 qui
361 2383 427 2425 non
459 2361 585 2446 probet,
611 2363 670 2446 qui
694 2383 760 2426 non
789 2361 913 2438 laudet,
939 2363 997 2447 qui
1021 2384 1089 2426 non
1113 2383 1218 2425 unum
1240 2371 1328 2446 post

271 2463 443 2528 hominum
460 2466 651 2530 memoriam
669 2465 708 2529 T.
727 2466 880 2529 Annium
895 2467 1079 2550 plurimum
1094 2467 1141 2530 rei
1162 2464 1325 2550 publicae

273 2567 449 2654 profuisse,
466 2571 610 2634 maxima
625 2571 754 2635 laetitia
771 2570 934 2655 populum
951 2571 1148 2646 Romanum,
1161 2577 1325 2635 cunctam

271 2671 413 2749 Italiam,
438 2675 589 2738 nationes
615 2695 728 2739 omnes
754 2673 905 2739 affecisse
933 2681 969 2738 et
995 2673 1086 2738 dicat
1111 2681 1146 2738 et
1166 2675 1322 2738 sentiat?

271 2776 348 2842 Non
373 2800 468 2862 queo,
495 2786 608 2843 vetera
633 2778 692 2842 illa
715 2779 832 2864 populi
863 2779 1004 2843 Romani
1035 2778 1158 2865 gaudia
1190 2787 1323 2862 quanta

217 2895 248 2942 30
269 2881 589 2957 fuer-i11t‚iudicare;
620 2882 743 2946 multas
760 2891 869 2947 tamen
896 2883 961 2946 iam
988 2904 1195 2947 summorum
1217 2883 1323 2968 impe·

271 2993 417 3049 ratorum
431 2987 628 3050 clarissimas
645 2988 802 3052 victorias
819 2995 909 3052 aetas
933 2994 1046 3051 nostra
1064 2986 1159 3063 vidit,
1172 3008 1320 3072 quarum

271 3090 365 3152 nulla
381 3110 489 3174 neque
506 3097 575 3152 tam
592 3089 787 3154 diuturnam
798 3091 916 3154 attulit
928 3090 1091 3156 laetitiam
1104 3112 1164 3156 nec
1176 3098 1318 3155 tantam.

219 3196 258 3259 78
276 3191 434 3256 Mandate
466 3193 528 3256 hoo
560 3195 746 3269 memoriae,
779 3192 916 3258 iudices.
975 3193 1079 3278 Spero
1109 3193 1216 3258 multa
1254 3217 1318 3260 vos

300 3380 380 3429 7-11.
399 3381 570 3442 Imperium,
584 3383 638 3444 i.e.,
652 3383 686 3446 by
698 3383 779 3446 being
835 3380 896 3443 577.
911 3381 1012 3431 22-32.
1024 3382 1073 3430 ine
1087 3417 1093 3429 .
1107 3418 1113 3430 .
1128 3381 1316 3444 ¹pudicitia:

207 3461 211 3468 '
267 3456 369 3507 elected
386 3463 506 3520 praetor:
526 3460 727 3521 scopuloso
745 3459 778 3507 ad
802 3472 914 3520 arrange
939 3459 966 3507 in
996 3458 1072 3508 three
1099 3459 1179 3521 pairs.
1229 3463 1318 3509 esset

267 3533 313 3583 fin.
355 3533 461 3582 socios
489 3570 495 3582 .
523 3570 529 3582 .
558 3571 563 3582 .
592 3533 778 3584 tetrarchas:
802 3545 878 3582 vero
889 3533 1070 3592 timendum,
1088 3534 1214 3584 irouieal:
1232 3534 1267 3584 cf.
1290 3535 1313 3585 I.

267 3624 391 3673 groupas
401 3611 505 3660 inSest.
520 3610 621 3673 85.18;
638 3611 778 3673 Su11.4.6;
802 3610 827 3658 5.
842 3612 882 3659 26.
917 3609 991 3658 Non
1003 3622 1098 3671 queo:
1117 3611 1152 3660 cf.
1167 3612 1229 3674 Eps.
1246 3611 1312 3661 XX.

268 3685 291 3735 Ι.
304 3685 349 3734 32.
367 3687 406 3736 25.
424 3689 501 3735 vota
518 3685 677 3735 faceretis:
695 3686 723 3736 cf
739 3686 775 3735 11.
801 3685 827 3734 1.
849 3688 877 3748 53
906 3686 985 3737 XIV.
1011 3685 1036 3734 3.
1059 3688 1098 3736 31.
1140 3698 1242 3748 neque
1259 3722 1265 3734 .
1284 3723 1313 3735 ..

267 3761 313 3811 18.
330 3763 369 3811 31.
389 3762 511 3811 medius
528 3762 634 3811 fidius:
651 3762 686 3812 of.
707 3761 775 3812 Sest.
801 3774 867 3820 nec,
879 3777 1003 3812 common
1015 3763 1044 3811 in
1057 3762 1160 3825 Cicero,
1172 3762 1251 3813 while
1262 3777 1313 3814 aer.

267 3837 314 3888 20.
325 3839 368 3902 263
386 3838 451 3888 Sull.
465 3837 511 3887 83.
523 3838 547 3888 9.
802 3853 967 3903 ...aeque
978 3839 1001 3889 is
1014 3852 1080 3892 rare.
