2924 4372
222 299 285 369 138
467 308 606 368 enarro
630 307 671 368 m
694 306 907 367 cammunti
930 305 1113 368 sehunna

211 495 260 557 ‘28
305 492 384 554 xiii.
402 491 518 574 Atque
535 488 615 554 haec
631 491 742 553 omnia
758 491 805 553 sic
821 497 972 576 agentur,
983 490 1193 569 Quiritesut
1205 511 1319 554 maxu-

274 617 343 659 mae
360 617 411 659 res
429 595 565 658 minimo
589 601 693 671 motu,
711 594 860 680 pericula
883 616 1014 658 sumnia
1037 595 1132 658 nullo
1156 596 1318 674 tumultu,

274 701 398 764 bellurn
423 700 624 763 intestinum
650 721 687 764 ac
713 699 933 764 domesticum
958 707 1034 784 post
1057 691 1230 762 hominum
1256 721 1320 764 rne-

273 805 407 868 moriam
438 803 708 868 crudelissimum
738 812 773 868 et
804 805 987 868 maximum
1019 826 1071 867 me
1104 825 1172 868 uno
1203 811 1319 890 togato

236 921 249 964 5
272 906 356 970 duce
370 914 405 970 et
418 908 613 990 imperatore
626 905 771 971 sedetur.
820 905 921 985 Quod
933 928 996 992 ego
1007 907 1054 971 sic
1070 905 1319 984 adrninistrabO,

211 1051 214 1059 ·
274 1005 433 1090 Quirites,
466 1019 514 1088 ut,
546 1013 574 1076 si
605 1012 675 1074 ullo
701 1011 797 1074 modo
825 1011 896 1074 fieri
924 1011 1057 1095 poterit,
1086 1033 1127 1076 ne
1161 1011 1320 1097 inprobus

268 1114 619 1199 quidenr'quisquanr
653 1115 687 1176 in
719 1115 780 1178 hac
812 1115 892 1178 urbe
929 1136 1070 1200 poenam
1101 1115 1155 1179 sui
1186 1117 1320 1180 sceleris

274 1217 424 1283 sufferat.
473 1217 538 1282 Sed
555 1220 582 1282 si
601 1219 651 1282 vis
668 1217 865 1282 manifestae
890 1218 1058 1295 audaciae,
1083 1220 1110 1284 si
1134 1219 1320 1304 inpendens
1378 1263 1391 1272 -

275 1323 399 1408 patriae
417 1322 601 1406 periculum
619 1343 670 1385 ine
697 1323 881 1386 necessario
906 1321 946 1386 de
973 1323 1032 1387 hac
1056 1323 1158 1386 anirfli
1182 1325 1321 1388 lenitate

225 1443 253 1488 ro
275 1427 463 1501 deduxerit,
496 1424 581 1488 illud
612 1425 762 1511 profecto
786 1427 963 1511 perficiam,
989 1426 1080 1512 quod
1111 1428 1145 1490 in
1169 1436 1264 1492 tanto
1288 1409 1323 1492 et
1404 1489 1406 1492 .

275 1541 342 1596 tam
375 1515 534 1595 insidioso
561 1530 647 1595 bello
679 1532 737 1596 vix
767 1531 950 1616 optandum
978 1531 1124 1607 videtur,
1146 1539 1186 1595 ut
1211 1514 1321 1616 neque

276 1638 382 1701 bonus
423 1636 599 1720 quisquam
641 1637 784 1700 intereat
825 1658 1076 1721 paucorumque
1115 1657 1223 1722 poena
1262 1659 1322 1702 vos

224 1746 390 1808 290mnes
422 1741 507 1804 salvi
539 1762 610 1804 esse
643 1741 785 1824 possitis
834 1741 928 1820 Quae
961 1739 1097 1826 quidem
1124 1763 1185 1827 ego
1211 1763 1321 1826 neque

276 1867 348 1910 mea
364 1843 543 1929 prudentia
560 1865 669 1928 neque
686 1844 839 1909 humanis
858 1846 1005 1910 consiliis
1032 1845 1138 1911 fretus
1162 1847 1323 1930 polliceor

226 1964 253 2008 15
276 1949 379 2025 vobis,
409 1948 568 2027 Quirites,
597 1947 656 2012 sed
681 1949 796 2024 multis
822 1957 856 2014 et
880 1932 947 2014 non
974 1949 1084 2015 dubiis
1110 1949 1245 2014 deorum
1277 1953 1323 2014 in-

275 2054 464 2118 mortalium
483 2052 793 2138 significationibus,
811 2054 933 2138 quibus
949 2075 1012 2140 ego
1027 2053 1169 2119 ducibus
1186 2057 1221 2118 in
1238 2057 1322 2121 hanc

276 2181 369 2245 spem
385 2157 653 2242 sententiamque
674 2180 749 2222 surn
774 2159 962 2244 ingressus3
987 2160 1046 2244 qui
1071 2160 1135 2223 iam
1160 2181 1227 2224 non
1252 2182 1323 2244 pro·
1393 2214 1394 2220 ,

276 2265 341 2340 cul,
374 2270 415 2326 ut
445 2262 614 2347 quondam
647 2263 807 2337 solebant,
839 2263 880 2328 ab
917 2271 1056 2328 externo
1086 2263 1181 2329 hoste
1220 2274 1322 2350 atque

276 2369 473 2454 longinqu0,
491 2364 620 2436 sedhic
638 2375 827 2451 praesentes
845 2389 906 2431 suo
922 2369 1059 2432 numine
1076 2376 1178 2453 atque
1195 2372 1323 2434 auxilio

309 2628 323 2690 5
345 2629 384 2678 28.
405 2628 529 2678 Comiort
552 2627 605 2676 and
628 2639 788 2688 encourage-
810 2624 869 2673 idea
885 2625 914 2674 oi
933 2624 1127 2688 ‘possibility3’
1145 2625 1179 2675 ci.
1197 2626 1210 2687 ᾖ
1230 2627 1286 2676 10.2
1301 2630 1320 2676 i.

277 2705 406 2755 mentior
419 2704 548 2766 theloyal
562 2702 602 2765 (ἐξ
616 2704 653 2752 28.
668 2701 719 2760 29).
809 2713 937 2762 neque
957 2737 962 2749 .
983 2738 988 2750 .
1009 2737 1015 2750 .
1038 2714 1271 2764 paucorumque
1295 2727 1321 2752 =

308 2782 334 2829 4.
346 2792 396 2830 me
408 2784 523 2842 togato.
557 2780 597 2828 As
609 2780 654 2828 the
664 2783 726 2839 ioyo
736 2791 788 2826 ivas
809 2790 894 2838 neone
917 2815 923 2827 .
946 2814 951 2827 .
974 2814 980 2827 .
1006 2792 1093 2839 aeqtte
1122 2779 1275 2840 vitaliorum,
1307 2795 1323 2829 a

277 2860 324 2907 the
346 2858 408 2907 civil
432 2859 505 2907 dress
529 2871 602 2905 worn
625 2857 659 2917 by
678 2856 788 2904 citizens
809 2868 866 2904 rare
889 2855 1021 2904 variation
1049 2855 1091 2904 ior
1113 2869 1199 2916 neque
1216 2892 1223 2905 .
1243 2892 1249 2906 .
1270 2892 1275 2904 .
1297 2862 1323 2906 et

277 2936 330 2985 and
350 2936 520 2997 magistrates
541 2934 568 2981 in
590 2934 636 2982 the
659 2933 712 2994 city
742 2947 788 2994 op·
806 2945 964 2990 paucorum.
1001 2931 1095 2980 Trans,
1111 2945 1173 2992 -que
1190 2931 1224 2992 by
1239 2932 1321 2982 ‘but'

277 3012 358 3074 posed
381 3019 408 3060 to
427 3012 474 3061 the
490 3025 585 3074 aoyunr
603 3009 655 3058 and
671 3009 788 3069 poleda·
809 3007 925 3070 Madvig,
936 3008 991 3057 433.
1007 3010 1033 3057 2:
1047 3008 1072 3056 li
1084 3009 1233 3070 anegative
1243 3022 1324 3070 prop-

278 3091 394 3137 meatnrrt
414 3101 487 3137 worn
504 3087 539 3148 by
556 3087 603 3135 the
620 3085 718 3134 soldier
734 3086 786 3133 and
807 3085 906 3135 osition
916 3085 938 3133 is
946 3085 1069 3134 followed
1079 3084 1112 3146 by
1121 3098 1155 3133 an
1164 3084 1323 3134 affirmative

278 3165 324 3213 the
342 3164 449 3227 general
468 3165 495 3212 in
514 3163 560 3211 the
578 3162 647 3221 field,
669 3175 709 3210 we
728 3162 836 3223 mayiin
849 3161 939 3210 which
951 3161 997 3210 the
1011 3174 1085 3210 same
1104 3161 1220 3223 thought
1239 3161 1260 3210 is
1278 3175 1323 3210 ex·

278 3248 376 3291 trans:
400 3241 483 3290 ‘with
506 3254 557 3297 me,
577 3253 592 3287 a
612 3238 672 3286 civil
694 3238 790 3300 magis·
811 3238 916 3300 pressed
934 3251 965 3287 or
979 3237 1133 3298 continued,
1151 3251 1222 3299 oue,
1237 3251 1279 3298 ac,
1293 3253 1324 3287 or

278 3323 358 3378 trate,
372 3332 401 3367 as
413 3331 479 3380 your
491 3317 553 3378 only
563 3315 651 3364 leader
663 3315 715 3362 and
728 3328 790 3376 gen·
811 3317 835 3362 et
852 3314 875 3362 is
892 3314 1032 3376 employed
1046 3314 1074 3362 in
1088 3314 1178 3375 Latin,
1193 3314 1281 3363 where
1294 3315 1322 3365 in

279 3394 352 3442 ereh’
389 3394 482 3443 Cicero
491 3392 582 3454 prided
596 3390 705 3440 himself
717 3367 923 3452 espa-liinglish
936 3405 975 3440 we
988 3405 1035 3440 use
1048 3391 1102 3440 but.

279 3470 358 3532 cially
376 3485 447 3532 upon
466 3471 567 3532 having
589 3467 720 3518 thwarted
744 3447 801 3516 thel
842 3467 917 3527 §29.
952 3465 997 3514 16.
1031 3467 1321 3532 significationibus,
1397 3487 1401 3493 ·

279 3541 919 3606 designsoftheconspiratorswithout.‘signs’
941 3542 1071 3606 ‘tokens,'
1097 3545 1163 3594 such
1186 3559 1215 3594 as
1235 3547 1325 3596 earth-

280 3621 327 3669 the
338 3621 381 3670 aid
394 3621 423 3670 of
434 3634 469 3668 on
482 3621 572 3669 armed
585 3620 665 3669 force.
810 3621 921 3681 qualies,
932 3619 1047 3669 unusual
1057 3621 1235 3671 thunderand
1244 3621 1324 3685 light-

311 3694 789 3758 11,12.vixoptandum,‘ain10st
811 3697 884 3759 ning,
910 3702 974 3759 etc,
1001 3697 1137 3748 instances
1165 3698 1195 3749 oi
1222 3699 1321 3761 which,

280 3773 384 3835 beyond
402 3771 498 3834 hope:’
519 3774 572 3824 the.
583 3772 729 3834 gerundivo
745 3787 790 3833 ap
810 3773 951 3836 occurring
967 3778 996 3821 at
1013 3774 1067 3824 this
1084 3775 1159 3837 time,
1178 3789 1223 3824 are
1242 3776 1322 3838 given

280 3851 408 3914 proaches
425 3848 601 3914 dangerousiy
617 3862 682 3897 near
698 3855 726 3897 to
743 3849 789 3896 the
810 3847 838 3896 in
850 3847 896 3896 the
908 3845 981 3896 third
993 3848 1108 3900 oration.
