2870 4376
413 321 494 372 car.
518 323 606 386 aas,
632 324 645 385 i
670 323 786 374 nans.
1108 313 1172 380 527

64 519 103 562 se
138 497 231 560 ludis
261 496 360 560 homo
391 496 561 581 popularis
593 497 762 561 commisit
792 499 938 572 omnino,
970 519 1046 562 cum
1084 500 1120 562 in

65 601 200 685 templo
231 600 380 665 Virtutis
410 599 514 664 honos
552 600 686 664 habitus
717 609 806 666 esset
833 603 953 665 virtuti
985 601 1116 687 Gaique

67 705 171 781 Mari,
192 705 434 769 conservatoris
458 703 558 768 huius
582 705 722 788 imperii,
739 713 995 770 monumentum
1014 708 1120 770 muni·

66 809 139 892 cipi
171 810 243 874 eius
274 809 379 873 atrei
407 807 558 892 publicae
582 806 750 872 defensori
774 805 886 872 sedem
910 808 953 873 ad
975 809 1117 874 salutem

66 912 288 997 praebuisset.
1143 931 1172 976 ao

113 1033 175 1080 LV.
201 1016 278 1095 Quo
309 1016 445 1101 quidem
478 1024 626 1101 tempore
658 1017 742 1101 quid
772 1019 917 1102 populus
949 1019 1120 1084 Romanus
1137 1018 1191 1080 117

67 1123 197 1186 sentire
225 1142 259 1186 se
292 1121 492 1197 ostenderet,
525 1130 669 1206 utroque
701 1123 736 1184 in
764 1143 884 1207 genere
913 1121 1119 1188 declaratum

68 1233 133 1301 est,
150 1226 388 1310 primumcum
405 1224 520 1290 audito
537 1233 672 1290 senatus
689 1226 844 1290 consulto
861 1227 909 1290 rei
925 1227 989 1311 ipsi
1013 1235 1115 1312 atque

68 1329 202 1393 absenti
230 1331 361 1392 senatui
385 1329 523 1413 plausus
540 1336 591 1392 est
611 1329 653 1392 ab
674 1329 840 1392 universis
862 1328 971 1404 datus,
997 1329 1117 1395 deinde

70 1454 151 1497 cum
167 1430 376 1499 senatoribus
400 1432 542 1518 singulis
559 1440 782 1515 spectaturus
809 1441 929 1496 senatu
953 1432 1119 1498 redeunti·
1155 1453 1170 1498 o

69 1536 151 1612 bus3
176 1557 251 1601 cum
268 1558 348 1601 vero
365 1537 446 1620 ipse,
464 1537 523 1620 qui
539 1535 637 1600 iudos
661 1534 814 1611 faciebat,
840 1537 958 1600 consul
982 1536 1116 1614 assedit,

69 1650 199 1708 stantes
238 1643 269 1708 ei
300 1640 452 1706 manibus
491 1642 595 1725 passis
625 1641 750 1726 gratias
780 1649 917 1726 agentes
948 1649 984 1707 et
1012 1642 1118 1706 lacru-

70 1754 201 1812 mantes
217 1746 342 1833 gaudio
357 1767 452 1810 suam
469 1766 548 1831 erga
571 1766 623 1809 me
647 1744 909 1809 benivolentiam
933 1765 971 1809 ac
994 1746 1118 1810 miseri-

71 1849 218 1914 cordiam
234 1850 458 1915 declararunt.
507 1849 556 1913 At
570 1870 647 1913 cum
670 1848 727 1913 ille
751 1846 956 1913 furibundus
980 1850 1120 1914 incitata

71 1956 130 2019 illa
154 1976 215 2021 sua
238 1955 392 2022 vaecordi
416 1961 528 2020 mente
557 1954 714 2028 venisset,
737 1953 796 2018 vix
828 1974 863 2018 se
887 1953 1031 2038 populus
1056 1954 1118 2018 Ro·
1142 1968 1171 2014 ιο

71 2082 190 2124 manus
207 2063 327 2137 tenuit,
344 2062 402 2125 vix
418 2060 570 2124 homines
587 2057 702 2122 odium
718 2078 817 2121 suum
843 2080 862 2121 a
884 2080 1019 2142 corpore
1043 2059 1114 2123 eius

72 2167 192 2248 inpuro
223 2174 323 2251 atque
354 2165 494 2230 infando
520 2170 770 2249 represserunt3
798 2185 896 2228 voees
923 2162 1118 2247 quidemst

72 2270 256 2353 palmarum
283 2272 435 2335 intentus
463 2277 498 2335 et
522 2268 777 2333 maledictorum
800 2268 977 2332 clamorem
1000 2290 1114 2332 omnes

72 2373 304 2458 profuderunt.
351 2375 418 2441 Sed
443 2373 526 2460 quid
556 2394 618 2459 ego
649 2371 766 2456 populi
798 2372 939 2436 Romani
971 2373 1118 2435 animum
1136 2369 1190 2430 118

105 2633 203 2683 26-29.
220 2633 354 2690 omnino,
375 2634 442 2682 with
465 2632 512 2681 the
534 2645 583 2680 nu·
607 2629 661 2689 i.e.,
681 2630 709 2677 in
734 2628 826 2678 cheers
843 2629 887 2678 for
904 2629 977 2678 what
994 2643 1049 2678 was
1074 2642 1119 2691 ap

73 2711 155 2760 merei
179 2711 277 2760 semel:
302 2710 338 2760 cf.
361 2709 437 2760 Caes.
462 2710 485 2758 I.
509 2707 535 2756 6.
559 2710 581 2756 1.
606 2705 706 2767 proved
726 2704 780 2754 and
804 2705 889 2754 bisses
909 2704 953 2754 ior
972 2705 1045 2754 what
1065 2719 1119 2754 was

73 2786 190 2848 templo
224 2785 366 2844 Virtutis,
406 2785 511 2834 erected
549 2785 583 2846 by
606 2781 783 2830 condemned.
818 2784 947 2829 senatus
964 2781 1118 2839 consulto,

75 2864 175 2912 Marius
203 2863 273 2912 from
301 2863 348 2912 the
376 2862 459 2924 spoils
481 2861 511 2910 of
537 2861 584 2909 the
607 2859 668 2906 that
685 2857 779 2907 Cicero
801 2857 898 2907 should
921 2863 1021 2907 return.
1063 2859 1119 2906 rei-

75 2939 173 2989 Cimbri
186 2939 239 2988 and
247 2939 373 3000 Teutoni,
384 2939 438 2988 and
450 2936 584 2986 therefore
606 2933 674 2995 ipsi,
688 2933 750 2983 ‘tire
762 2935 851 2983 action
865 2933 966 2984 itself:’
980 2946 1066 2983 cum:
1080 2949 1115 2983 sc.

75 3015 155 3064 caiied
178 3017 206 3064 in
230 3015 246 3064 l.
266 3015 298 3066 28
314 3015 356 3064 iris
373 3016 581 3064 monumentum.
605 3010 721 3070 plausus
749 3014 788 3059 est
817 3011 908 3070 datus,
938 3010 1009 3059 from
1045 3011 1062 3059 l.
1092 3013 1116 3058 4.

76 3092 108 3141 In
120 3093 164 3140 the
176 3092 294 3154 meeting
301 3091 417 3140 referred
427 3096 456 3139 to
464 3091 584 3139 between
607 3089 791 3147 spectatum,
809 3088 917 3148 supine:
942 3086 999 3136 ruie
1017 3087 1060 3135 for
1085 3088 1119 3135 its

76 3169 121 3217 the
142 3168 188 3218 oth
216 3168 270 3217 and
300 3168 360 3217 l3th
386 3168 416 3216 of
439 3167 513 3228 tuly,
542 3166 583 3227 st,
607 3163 677 3212 use?
725 3163 794 3224 ipse
822 3161 940 3219 consul,
976 3163 1116 3212 Lentulus.

77 3243 166 3294 Cicero
178 3258 232 3294 was
244 3243 421 3294 commended
439 3244 474 3305 by
486 3242 585 3292 resolu-
607 3242 735 3296 stantes,
763 3238 862 3300 ‘rising
890 3243 920 3286 to
948 3239 1020 3287 their
1042 3238 1116 3288 feet'

76 3321 132 3369 tion
148 3319 176 3369 oi
192 3321 239 3369 the
259 3323 352 3369 senate
371 3324 400 3368 to
419 3319 523 3380 foreign
538 3332 585 3367 na·
607 3315 750 3365 manibus
763 3315 878 3376 pusio:
896 3314 930 3363 cf.
946 3313 1118 3363 Caes.1.51.

77 3388 157 3445 tions':
170 3396 204 3445 ri.
215 3397 278 3457 550.
286 3395 327 3446 37.
351 3395 502 3456 municipi
511 3395 584 3451 eius,
607 3390 774 3453 3311.1³.3,
787 3390 840 3439 and
853 3391 914 3452 give
926 3390 1029 3452 princp.
1044 3396 1118 3452 parts

79 3474 134 3522 ‘his
155 3472 244 3522 feliow
261 3470 440 3522 townsmam’
460 3472 495 3521 cf.
514 3469 527 3528 t
544 3472 583 3521 50.
608 3469 637 3517 of
650 3471 751 3529 passis.

77 3548 307 3610 26;Su11.28.32.
640 3544 685 3592 13.
718 3544 859 3592 intentus
895 3557 946 3592 can
983 3558 1017 3604 go
1054 3544 1118 3592 with

606 3624 790 3684 profuderunt
815 3623 879 3684 oniy
911 3624 946 3685 by
987 3636 1119 3686 zeugma:

110 3699 120 3756 i
135 3700 187 3752 117.
202 3701 266 3750 2-8.“
283 3700 470 3756 ostenderet,
485 3699 587 3749 decla·
609 3701 643 3749 cf.
658 3704 670 3762 ξ
684 3702 737 3750 115.
751 3703 775 3750 2.
809 3699 1047 3749 maledictorum
1059 3700 1120 3749 cia·

80 3779 176 3825 ratum
197 3781 253 3834 est,
276 3778 423 3840 pleonasm.
453 3779 586 3837 utroque
609 3789 740 3826 morem:
765 3783 848 3827 trans.
872 3791 902 3826 as
925 3777 1065 3842 suggested
1083 3791 1119 3826 on

81 3852 112 3902 in
129 3864 244 3914 genere,
267 3853 312 3902 ‘in
331 3854 397 3904 both
419 3853 583 3914 directions,’
610 3855 639 3917 ἓξ
651 3855 690 3904 88.
705 3856 732 3915 1;
749 3855 787 3904 14.
802 3857 840 3905 11.
