2838 4380
446 353 501 407 nr.
526 353 633 418 ran.²
658 355 671 418 i
696 353 749 405 1-5.
1104 337 1169 409 421

76 549 143 596 ease
159 525 298 596 iactum.
345 527 502 593 Pisonem
518 535 671 592 nostrum
688 526 825 591 mirifico
851 547 923 592 esse
946 525 1060 592 studio
1083 528 1118 592 in

76 657 132 700 nos
149 642 185 700 et
200 633 308 698 officio
325 640 360 699 et
375 655 436 719 ego
459 633 623 717 perspicio
647 640 682 697 et
705 653 820 696 omnes
845 630 1059 716 praedicant:
1085 631 1119 696 di

76 739 192 816 faxint,
205 747 244 802 ut
257 737 315 802 tali
328 759 451 824 genero
467 736 547 800 milri
564 737 732 821 praesenti
749 743 860 800 tecum
876 736 976 800 simul
993 743 1028 801 et
1043 757 1119 801 oum
1143 711 1173 798 it

75 843 184 908 liberis
212 843 334 908 nostris
362 840 430 905 frui
457 839 573 905 lioeatl
620 840 720 904 Nuno
747 862 823 925 spes
854 841 984 925 reliqua
1009 840 1119 906 estin

76 949 169 1013 novis
186 946 329 1012 tribunis
345 945 391 1030 pl.
408 953 443 1010 et
465 946 501 1008 in
524 945 639 1029 primis
663 943 799 1029 quidem
823 943 963 1020 diebus3
987 965 1074 1019 nam,
1091 945 1119 1009 si

76 1053 402 1129 invete1·arit,aotum
418 1056 479 1114 est.
525 1049 575 1113 Ea
591 1071 626 1114 re
641 1049 684 1114 ad
700 1057 733 1114 te
750 1049 863 1114 statim
876 1049 1115 1113 Aristocritum
1138 1052 1159 1115 4

76 1157 158 1234 misi,
176 1164 216 1221 ut
230 1155 273 1220 ad
288 1177 340 1220 me
356 1154 516 1220 continuo
532 1154 630 1218 initia
646 1175 757 1218 rerum
772 1160 808 1218 et
827 1155 991 1218 rationem
1013 1154 1119 1218 totius

75 1262 201 1348 negotii
223 1281 335 1345 posses
358 1257 510 1336 seribere,
528 1259 592 1322 etsi
615 1257 771 1342 Dexippo
795 1278 929 1343 quoque
953 1259 1000 1322 ita
1022 1258 1124 1343 impe
1145 1272 1175 1319 ao

75 1366 154 1441 ravi,
171 1365 284 1429 statim
300 1370 341 1427 ut
355 1368 550 1438 recurreret,
567 1360 660 1426 etad
682 1360 820 1427 fratrem
844 1362 929 1438 misi,
947 1370 986 1426 ut
1006 1361 1121 1426 orebro

75 1468 263 1533 tabellarios
279 1467 448 1541 mitteret3
465 1486 541 1530 nam
555 1487 617 1552 ego
629 1487 667 1530 eo
680 1466 814 1530 nomine
826 1487 902 1530 sum
918 1465 1120 1552 Dyrrhachii

74 1573 135 1637 hoo
159 1579 317 1656 ternpore,
334 1577 375 1634 ut
399 1591 500 1655 quam
525 1570 705 1645 oelerrime‚
722 1569 806 1654 quid
828 1577 957 1656 agatur,
974 1568 1119 1648 audiam,

75 1664 110 1742 et
130 1697 205 1741 sum
227 1682 322 1751 tut03
346 1675 466 1740 civitas
489 1674 578 1738 enim
603 1673 684 1738 haee
709 1693 880 1758 sempera
903 1695 956 1739 me
984 1673 1123 1739 defensa

74 1788 136 1846 est.
176 1779 263 1844 Cum
278 1779 405 1843 inimici
421 1779 527 1844 nostri
540 1779 654 1843 venire
668 1777 833 1854 dicentur,
845 1786 918 1844 tum
934 1779 969 1841 in
982 1778 1123 1863 Epirum
1145 1793 1175 1839 aa

74 1884 139 1949 ibo.
186 1881 287 1963 Quod
313 1881 429 1947 scribis
456 1890 498 1959 te,
517 1883 545 1947 si
569 1883 681 1959 velim,
704 1881 747 1948 ad
774 1904 826 1948 me
850 1891 1038 1958 venturam,
1055 1885 1160 1969 egod

73 2011 163 2065 vem,
181 2010 258 2053 oum
282 1989 383 2052 seiam
409 2001 565 2072 magnam
590 1994 719 2072 partem
743 1987 842 2051 istius
868 1987 977 2051 oneris
1004 1985 1063 2050 abs
1086 1993 1120 2050 te

73 2093 244 2168 sustineri,
269 2098 302 2156 te
322 2090 399 2155 istie
422 2111 493 2156 esse
517 2091 604 2155 volo.
651 2089 686 2155 Si
708 2091 879 2176 perficitis,
896 2089 987 2175 quod
1011 2089 1122 2176 agitis,

73 2219 127 2262 me
144 2195 262 2262 advos
279 2195 391 2262 venire
409 2202 561 2280 oportet3
583 2196 636 2260 sin
661 2203 775 2260 autem
787 2232 830 2244 -
842 2191 902 2260 sed
926 2194 1011 2258 nihil
1039 2215 1124 2279 opus

75 2308 128 2365 est
142 2300 273 2384 reliqua
288 2298 442 2364 seribere.
488 2298 542 2364 Ex
558 2299 673 2383 primis
696 2306 756 2362 aut
777 2320 946 2363 summum
968 2297 1125 2364 secundis
1147 2312 1178 2360 m

73 2405 196 2469 litteris
212 2404 281 2468 tuis
296 2403 500 2468 constituere
517 2403 710 2488 poterimus,
723 2403 805 2488 quid
821 2402 915 2467 nobis
931 2400 1124 2467 faciendum

73 2511 138 2574 sit:
163 2516 202 2572 tu
218 2506 317 2571 modo
332 2505 442 2572 adme
458 2506 560 2572 velim
576 2507 687 2571 omnia
708 2507 963 2594 diligentissime
987 2507 1125 2592 perseri-

109 2741 210 2790 24-28.
244 2740 277 2790 di
309 2740 425 2790 faxint:
453 2741 497 2791 ior
519 2742 590 2791 iorm
614 2742 749 2805 purpose,’
769 2742 881 2807 looking
898 2741 1015 2792 iorward
1033 2745 1063 2791 to
1078 2740 1127 2791 the

74 2819 132 2870 and
163 2832 211 2868 use
242 2831 286 2868 see
320 2832 354 2868 on
384 2819 455 2868 Mur.
479 2817 526 2867 84.
549 2817 588 2868 23.
613 2818 746 2869 clauserit
765 2856 771 2869 .
791 2856 797 2869 .
819 2855 825 2868 .
845 2819 976 2869 audiam:
993 2819 1056 2867 how
1070 2817 1127 2868 leit

75 2896 137 2947 The
153 2909 249 2960 prayer
264 2909 320 2946 was
336 2899 385 2944 not
402 2894 514 2956 granted
528 2893 589 2955 (up.
615 2896 762 2946 translated
775 2897 855 2946 when
868 2897 889 2944 it
905 2895 989 2945 refers
1001 2901 1029 2944 to
1041 2909 1058 2944 a
1068 2907 1128 2957 pre·

74 2971 356 3034 xv1.9.1131),as
378 2971 441 3020 Piso
463 2970 524 3020 died
546 2971 591 3020 be·
614 2973 710 3036 oedmg
732 2972 901 3022 statement?
934 2971 1060 3028 Inimici,
1079 2971 1128 3020 the

74 3052 136 3102 fore
160 3049 255 3099 Cicero
280 3063 335 3098 was
361 3047 483 3098 reoalled.
532 3047 591 3108 pn'-
614 3049 806 3100 Catilinarians
834 3049 920 3113 living
954 3050 983 3098 in
1017 3048 1127 3110 Greece,

75 3127 138 3176 mia
150 3125 269 3183 dlebua
281 3126 336 3185 ie,
350 3124 421 3174 aiter
435 3124 506 3173 their
523 3128 592 3173 term
614 3139 639 3187 p.
653 3127 693 3180 40,
707 3125 720 3186 ἓ
734 3125 773 3176 71.

76 3205 173 3264 began.
201 3201 312 3252 When?
336 3200 591 3256 inueterauit,
647 3199 1129 3262 §hamtunam—,the
1207 3193 1210 3199 ’

78 3279 155 3342 ‘gete
177 3277 271 3327 stale:’
291 3278 314 3326 is
329 3277 384 3326 vthe
401 3278 468 3340 good
483 3291 521 3326 or
539 3277 591 3326 bad
614 3278 698 3328 blank
727 3291 778 3327 ean
808 3278 841 3326 be
864 3277 937 3340 filled
965 3276 1035 3326 from
1062 3277 1126 3339 Eps.

77 3368 157 3404 sense
166 3353 196 3402 of
206 3353 262 3402 this
274 3354 346 3403 word
359 3367 433 3402 more
445 3353 592 3402 common?
615 3354 694 3404 XIX.
705 3353 731 3402 3.
742 3355 786 3416 30;
803 3353 867 3404 XV.
878 3354 904 3402 2.
916 3354 959 3416 283
977 3353 1059 3403 VIII.
1071 3351 1088 3403 l.
1103 3355 1126 3404 2.

77 3432 131 3481 See
146 3443 182 3479 on
200 3429 266 3480 Sull.
284 3429 331 3478 24.
348 3429 371 3480 7.
406 3433 512 3478 aetum
529 3433 592 3479 eet':
614 3430 989 3492 summum,‘atmost,’adv.
1000 3443 1054 3479 aec.
1069 3429 1128 3481 ita:

77 3521 125 3557 see
148 3519 184 3555 on
206 3505 241 3554 its
263 3505 416 3568 eompound
439 3507 488 3568 Ep.
510 3505 588 3557 XIV.
614 3508 657 3557 for
668 3507 704 3556 lte
715 3521 763 3556 use
774 3508 839 3556 here
856 3521 900 3556 see
911 3521 947 3556 on
960 3506 1014 3555 111.
1028 3504 1074 3554 21.
1087 3507 1110 3556 ὅ.

77 3583 104 3630 3.
118 3583 157 3632 24.
647 3584 684 3634 Oi
702 3585 749 3633 the
765 3583 857 3633 lettere
875 3583 1020 3634 contained
1032 3582 1060 3632 in
1073 3582 1129 3632 thie

112 3660 162 3720 §4
181 3656 283 3707 29-35.
300 3657 390 3706 inItia
403 3692 408 3704 .
422 3691 428 3704 .
446 3692 451 3704 .
466 3657 591 3718 negotii,
614 3659 742 3710 selection
755 3661 812 3710 this
824 3659 846 3708 is
858 3661 904 3709 the
915 3659 968 3708 laet
980 3660 1087 3708 written
1100 3659 1129 3708 in

79 3736 146 3786 ‘the
157 3735 215 3786 first
226 3739 299 3797 steps
311 3735 340 3783 in
355 3733 402 3783 the
418 3733 591 3796 proceedIngs
613 3736 692 3786 exile.
727 3737 780 3786 For
790 3737 837 3785 the
848 3735 956 3799 general
969 3735 1129 3797 impression

77 3813 135 3862 aud
157 3812 205 3862 the
229 3825 354 3875 progress
377 3809 406 3860 oi
436 3809 483 3860 the
505 3810 591 3860 whole
614 3813 692 3862 made
703 3813 737 3874 by
749 3812 824 3862 them
836 3825 910 3876 upon
921 3811 969 3861 the
980 3809 1074 3861 reader
1084 3823 1130 3862 aee

76 3887 217 3953 etmggle!
253 3899 292 3937 eo
309 3887 441 3946 nomine,
462 3885 520 3936 ‘ior
535 3887 591 3957 this
613 3901 639 3950 p.
653 3887 694 3950 46,
707 3887 770 3949 §So
