<?xml version="1.0" encoding="UTF-8"?>
<!DOCTYPE html PUBLIC "-//W3C//DTD XHTML 1.0 Transitional//EN"
    "http://www.w3.org/TR/xhtml1/DTD/xhtml1-transitional.dtd">
<html xmlns="http://www.w3.org/1999/xhtml" xml:lang="en" lang="en">
 <head>
  <title>
</title>
<meta http-equiv="Content-Type" content="text/html;charset=utf-8" />
  <meta name='ocr-system' content='tesseract 3.04.00' />
  <meta name='ocr-capabilities' content='ocr_page ocr_carea ocr_par ocr_line ocrx_word'/>
</head>
<body>
  <div class='ocr_page' id='page_1' title='image "./mtulliciceronis05cicegoog/mtulliciceronis05cicegoog_0616.png"; bbox 0 0 2876 4378; ppageno 0'>
   <div class='ocr_carea' id='block_1_1' title="bbox 447 351 1179 426">
    <p class='ocr_par' dir='ltr' id='par_1_1' title="bbox 447 351 1179 426">
     <span class='ocr_line' id='line_1_1' title="bbox 447 351 1179 426; baseline 0.012 -14"><span class='ocrx_word' id='word_1_1' title='bbox 447 359 526 413; x_wconf 71' lang='lat' dir='ltr'>oar.</span> <span class='ocrx_word' id='word_1_2' title='bbox 551 363 638 426; x_wconf 75' lang='lat' dir='ltr'>aen,</span> <span class='ocrx_word' id='word_1_3' title='bbox 662 361 675 423; x_wconf 67' lang='lat' dir='ltr'>i</span> <span class='ocrx_word' id='word_1_4' title='bbox 698 362 785 417; x_wconf 72' lang='lat' dir='ltr'>eoas.</span> <span class='ocrx_word' id='word_1_5' title='bbox 1116 351 1179 421; x_wconf 85' lang='grc'>597</span> 
     </span>
    </p>
   </div>
   <div class='ocr_carea' id='block_1_2' title="bbox 83 531 1184 2184">
    <p class='ocr_par' dir='ltr' id='par_1_2' title="bbox 83 531 1184 2184">
     <span class='ocr_line' id='line_1_2' title="bbox 84 531 1127 620; baseline 0.007 -23"><span class='ocrx_word' id='word_1_6' title='bbox 84 531 178 598; x_wconf 87' lang='lat' dir='ltr'>illam</span> <span class='ocrx_word' id='word_1_7' title='bbox 209 531 398 599; x_wconf 81' lang='lat' dir='ltr'>contionem</span> <span class='ocrx_word' id='word_1_8' title='bbox 436 535 534 600; x_wconf 88' lang='lat' dir='ltr'>licere</span> <span class='ocrx_word' id='word_1_9' title='bbox 565 534 669 611; x_wconf 86' lang='lat' dir='ltr'>vobis,</span> <span class='ocrx_word' id='word_1_10' title='bbox 702 535 793 620; x_wconf 92' lang='lat' dir='ltr'>quod</span> <span class='ocrx_word' id='word_1_11' title='bbox 830 537 993 614; x_wconf 70' lang='lat' dir='ltr'>sentiatis</span> <span class='ocrx_word' id='word_1_12' title='bbox 1025 537 1127 604; x_wconf 88' lang='lat' dir='ltr'>libere</span> 
     </span>
     <span class='ocr_line' id='line_1_3' title="bbox 84 637 1181 708; baseline 0.005 -6"><span class='ocrx_word' id='word_1_13' title='bbox 84 637 241 703; x_wconf 88' lang='lat' dir='ltr'>iudicare.</span> <span class='ocrx_word' id='word_1_14' title='bbox 1151 663 1181 708; x_wconf 84' lang='lat' dir='ltr'>ao</span> 
     </span>
     <span class='ocr_line' id='line_1_4' title="bbox 130 742 1182 820; baseline 0.009 -14"><span class='ocrx_word' id='word_1_15' title='bbox 130 760 248 806; x_wconf 83' lang='lat' dir='ltr'>xxvn.</span> <span class='ocrx_word' id='word_1_16' title='bbox 285 742 357 808; x_wconf 86' lang='lat' dir='ltr'>Nec</span> <span class='ocrx_word' id='word_1_17' title='bbox 390 767 469 810; x_wconf 89' lang='lat' dir='ltr'>vero</span> <span class='ocrx_word' id='word_1_18' title='bbox 500 767 563 820; x_wconf 89' lang='lat' dir='ltr'>me,</span> <span class='ocrx_word' id='word_1_19' title='bbox 596 744 732 820; x_wconf 90' lang='lat' dir='ltr'>iudices,</span> <span class='ocrx_word' id='word_1_20' title='bbox 762 745 963 810; x_wconf 83' lang='lat' dir='ltr'>Clodianum</span> <span class='ocrx_word' id='word_1_21' title='bbox 1001 749 1125 814; x_wconf 82' lang='lat' dir='ltr'>crimen</span> <span class='ocrx_word' id='word_1_22' title='bbox 1143 752 1182 815; x_wconf 80' lang='lat'>72</span> 
     </span>
     <span class='ocr_line' id='line_1_5' title="bbox 84 848 1130 938; baseline 0.006 -28"><span class='ocrx_word' id='word_1_23' title='bbox 84 853 207 923; x_wconf 87' lang='lat' dir='ltr'>movet,</span> <span class='ocrx_word' id='word_1_24' title='bbox 225 869 285 913; x_wconf 88' lang='lat' dir='ltr'>nec</span> <span class='ocrx_word' id='word_1_25' title='bbox 303 857 370 910; x_wconf 88' lang='lat' dir='ltr'>tam</span> <span class='ocrx_word' id='word_1_26' title='bbox 386 870 461 911; x_wconf 88' lang='lat' dir='ltr'>sum</span> <span class='ocrx_word' id='word_1_27' title='bbox 477 848 612 913; x_wconf 88' lang='lat' dir='ltr'>demens</span> <span class='ocrx_word' id='word_1_28' title='bbox 628 857 764 933; x_wconf 84' lang='lat' dir='ltr'>tamque</span> <span class='ocrx_word' id='word_1_29' title='bbox 781 852 884 915; x_wconf 88' lang='lat' dir='ltr'>vestri</span> <span class='ocrx_word' id='word_1_30' title='bbox 900 873 1017 916; x_wconf 90' lang='lat' dir='ltr'>seusus</span> <span class='ocrx_word' id='word_1_31' title='bbox 1039 853 1130 938; x_wconf 68' lang='lat' dir='ltr'>igne</span> 
     </span>
     <span class='ocr_line' id='line_1_6' title="bbox 84 953 1129 1037; baseline 0.007 -23"><span class='ocrx_word' id='word_1_32' title='bbox 84 973 142 1014; x_wconf 88' lang='lat' dir='ltr'>rus</span> <span class='ocrx_word' id='word_1_33' title='bbox 169 959 272 1036; x_wconf 86' lang='lat' dir='ltr'>atque</span> <span class='ocrx_word' id='word_1_34' title='bbox 303 974 431 1037; x_wconf 82' lang='lat' dir='ltr'>expers,</span> <span class='ocrx_word' id='word_1_35' title='bbox 459 961 498 1016; x_wconf 88' lang='lat' dir='ltr'>ut</span> <span class='ocrx_word' id='word_1_36' title='bbox 528 955 682 1030; x_wconf 80' lang='lat' dir='ltr'>nesciam,</span> <span class='ocrx_word' id='word_1_37' title='bbox 707 953 790 1037; x_wconf 92' lang='lat' dir='ltr'>quid</span> <span class='ocrx_word' id='word_1_38' title='bbox 821 953 861 1018; x_wconf 92' lang='lat' dir='ltr'>de</span> <span class='ocrx_word' id='word_1_39' title='bbox 893 963 998 1020; x_wconf 87' lang='lat' dir='ltr'>morte</span> <span class='ocrx_word' id='word_1_40' title='bbox 1031 956 1129 1020; x_wconf 83' lang='lat' dir='ltr'>Clodi</span> 
     </span>
     <span class='ocr_line' id='line_1_7' title="bbox 84 1057 1130 1141; baseline 0.005 -21"><span class='ocrx_word' id='word_1_41' title='bbox 84 1057 247 1120; x_wconf 84' lang='lat' dir='ltr'>sentiatis.</span> <span class='ocrx_word' id='word_1_42' title='bbox 295 1057 345 1121; x_wconf 92' lang='lat' dir='ltr'>De</span> <span class='ocrx_word' id='word_1_43' title='bbox 363 1079 430 1141; x_wconf 86' lang='lat' dir='ltr'>qua</span> <span class='ocrx_word' id='word_1_44' title='bbox 445 1059 472 1121; x_wconf 90' lang='lat' dir='ltr'>si</span> <span class='ocrx_word' id='word_1_45' title='bbox 486 1059 550 1120; x_wconf 87' lang='lat' dir='ltr'>iam</span> <span class='ocrx_word' id='word_1_46' title='bbox 566 1057 689 1121; x_wconf 90' lang='lat' dir='ltr'>nollem</span> <span class='ocrx_word' id='word_1_47' title='bbox 707 1059 754 1122; x_wconf 88' lang='lat' dir='ltr'>ita</span> <span class='ocrx_word' id='word_1_48' title='bbox 778 1057 906 1124; x_wconf 91' lang='lat' dir='ltr'>diluere</span> <span class='ocrx_word' id='word_1_49' title='bbox 930 1060 1065 1137; x_wconf 87' lang='lat' dir='ltr'>crimen,</span> <span class='ocrx_word' id='word_1_50' title='bbox 1090 1069 1130 1125; x_wconf 87' lang='lat' dir='ltr'>ut</span> 
     </span>
     <span class='ocr_line' id='line_1_8' title="bbox 85 1159 1167 1246; baseline 0.005 -25"><span class='ocrx_word' id='word_1_51' title='bbox 85 1159 181 1237; x_wconf 85' lang='lat' dir='ltr'>dilui,</span> <span class='ocrx_word' id='word_1_52' title='bbox 200 1169 311 1226; x_wconf 87' lang='lat' dir='ltr'>tamen</span> <span class='ocrx_word' id='word_1_53' title='bbox 336 1163 460 1246; x_wconf 92' lang='lat' dir='ltr'>inpune</span> <span class='ocrx_word' id='word_1_54' title='bbox 488 1161 608 1225; x_wconf 89' lang='lat' dir='ltr'>Miloni</span> <span class='ocrx_word' id='word_1_55' title='bbox 634 1162 742 1246; x_wconf 86' lang='lat' dir='ltr'>palam</span> <span class='ocrx_word' id='word_1_56' title='bbox 768 1163 908 1227; x_wconf 85' lang='lat' dir='ltr'>clamare</span> <span class='ocrx_word' id='word_1_57' title='bbox 933 1185 970 1228; x_wconf 88' lang='lat' dir='ltr'>ac</span> <span class='ocrx_word' id='word_1_58' title='bbox 997 1165 1167 1229; x_wconf 75' lang='lat' dir='ltr'>mentiris</span> 
     </span>
     <span class='ocr_line' id='line_1_9' title="bbox 84 1261 1128 1354; baseline 0.007 -28"><span class='ocrx_word' id='word_1_59' title='bbox 84 1265 228 1350; x_wconf 82' lang='lat' dir='ltr'>gloriose</span> <span class='ocrx_word' id='word_1_60' title='bbox 245 1265 375 1330; x_wconf 89' lang='lat' dir='ltr'>liceret:</span> <span class='ocrx_word' id='word_1_61' title='bbox 404 1264 551 1341; x_wconf 63' lang='lat' dir='ltr'>‘Occidi</span> <span class='ocrx_word' id='word_1_62' title='bbox 570 1265 676 1330; x_wconf 89' lang='lat' dir='ltr'>occidi</span> <span class='ocrx_word' id='word_1_63' title='bbox 693 1288 760 1329; x_wconf 92' lang='lat' dir='ltr'>non</span> <span class='ocrx_word' id='word_1_64' title='bbox 787 1266 842 1351; x_wconf 83' lang='lat' dir='ltr'>Sp.</span> <span class='ocrx_word' id='word_1_65' title='bbox 872 1261 1043 1345; x_wconf 87' lang='lat' dir='ltr'>Maelium,</span> <span class='ocrx_word' id='word_1_66' title='bbox 1069 1272 1128 1354; x_wconf 92' lang='lat' dir='ltr'>qui</span> 
     </span>
     <span class='ocr_line' id='line_1_10' title="bbox 84 1369 1129 1456; baseline 0.008 -26"><span class='ocrx_word' id='word_1_67' title='bbox 84 1390 218 1432; x_wconf 85' lang='lat' dir='ltr'>annona</span> <span class='ocrx_word' id='word_1_68' title='bbox 244 1369 386 1434; x_wconf 87' lang='lat' dir='ltr'>levanda</span> <span class='ocrx_word' id='word_1_69' title='bbox 413 1371 615 1454; x_wconf 84' lang='lat' dir='ltr'>iacturisque</span> <span class='ocrx_word' id='word_1_70' title='bbox 644 1372 689 1434; x_wconf 94' lang='lat' dir='ltr'>rei</span> <span class='ocrx_word' id='word_1_71' title='bbox 718 1370 899 1448; x_wconf 83' lang='lat' dir='ltr'>familiaris,</span> <span class='ocrx_word' id='word_1_72' title='bbox 928 1374 1007 1456; x_wconf 86' lang='lat' dir='ltr'>quia</span> <span class='ocrx_word' id='word_1_73' title='bbox 1031 1375 1129 1438; x_wconf 89' lang='lat' dir='ltr'>nimis</span> 
     </span>
     <span class='ocr_line' id='line_1_11' title="bbox 84 1473 1130 1561; baseline 0.005 -24"><span class='ocrx_word' id='word_1_74' title='bbox 84 1473 242 1557; x_wconf 86' lang='lat' dir='ltr'>amplecti</span> <span class='ocrx_word' id='word_1_75' title='bbox 281 1473 411 1558; x_wconf 85' lang='lat' dir='ltr'>plebem</span> <span class='ocrx_word' id='word_1_76' title='bbox 451 1473 636 1550; x_wconf 84' lang='lat' dir='ltr'>videbatur,</span> <span class='ocrx_word' id='word_1_77' title='bbox 676 1476 711 1537; x_wconf 93' lang='lat' dir='ltr'>in</span> <span class='ocrx_word' id='word_1_78' title='bbox 748 1477 972 1561; x_wconf 83' lang='lat' dir='ltr'>suspicionem</span> <span class='ocrx_word' id='word_1_79' title='bbox 1011 1477 1130 1542; x_wconf 84' lang='lat' dir='ltr'>incidit</span> 
     </span>
     <span class='ocr_line' id='line_1_12' title="bbox 84 1577 1131 1667; baseline 0.006 -27"><span class='ocrx_word' id='word_1_80' title='bbox 84 1578 180 1663; x_wconf 86' lang='lat' dir='ltr'>regni</span> <span class='ocrx_word' id='word_1_81' title='bbox 204 1577 395 1663; x_wconf 82' lang='lat' dir='ltr'>appetendi,</span> <span class='ocrx_word' id='word_1_82' title='bbox 417 1600 483 1642; x_wconf 90' lang='lat' dir='ltr'>non</span> <span class='ocrx_word' id='word_1_83' title='bbox 510 1578 562 1641; x_wconf 89' lang='lat' dir='ltr'>Ti.</span> <span class='ocrx_word' id='word_1_84' title='bbox 587 1577 786 1655; x_wconf 83' lang='lat' dir='ltr'>Gracchum,</span> <span class='ocrx_word' id='word_1_85' title='bbox 813 1580 872 1664; x_wconf 94' lang='lat' dir='ltr'>qui</span> <span class='ocrx_word' id='word_1_86' title='bbox 897 1581 1044 1667; x_wconf 83' lang='lat' dir='ltr'>collegae</span> <span class='ocrx_word' id='word_1_87' title='bbox 1066 1603 1131 1646; x_wconf 91' lang='lat' dir='ltr'>ma-</span> 
     </span>
     <span class='ocr_line' id='line_1_13' title="bbox 83 1681 1184 1769; baseline 0.005 -26"><span class='ocrx_word' id='word_1_88' title='bbox 83 1681 263 1766; x_wconf 85' lang='lat' dir='ltr'>gistratum</span> <span class='ocrx_word' id='word_1_89' title='bbox 295 1704 354 1766; x_wconf 93' lang='lat' dir='ltr'>per</span> <span class='ocrx_word' id='word_1_90' title='bbox 393 1681 591 1746; x_wconf 88' lang='lat' dir='ltr'>seditionem</span> <span class='ocrx_word' id='word_1_91' title='bbox 629 1681 811 1769; x_wconf 84' lang='lat' dir='ltr'>abrogavit,</span> <span class='ocrx_word' id='word_1_92' title='bbox 852 1705 995 1769; x_wconf 90' lang='lat' dir='ltr'>quorum</span> <span class='ocrx_word' id='word_1_93' title='bbox 1034 1686 1133 1750; x_wconf 88' lang='lat' dir='ltr'>inter·</span> <span class='ocrx_word' id='word_1_94' title='bbox 1155 1702 1184 1748; x_wconf 91' lang='lat'>10</span> 
     </span>
     <span class='ocr_line' id='line_1_14' title="bbox 84 1783 1128 1875; baseline 0.007 -28"><span class='ocrx_word' id='word_1_95' title='bbox 84 1783 229 1850; x_wconf 84' lang='lat' dir='ltr'>lectores</span> <span class='ocrx_word' id='word_1_96' title='bbox 246 1785 462 1870; x_wconf 86' lang='lat' dir='ltr'>inpleverunt</span> <span class='ocrx_word' id='word_1_97' title='bbox 477 1786 589 1851; x_wconf 89' lang='lat' dir='ltr'>orbem</span> <span class='ocrx_word' id='word_1_98' title='bbox 606 1794 769 1851; x_wconf 89' lang='lat' dir='ltr'>terrarum</span> <span class='ocrx_word' id='word_1_99' title='bbox 785 1783 928 1853; x_wconf 89' lang='lat' dir='ltr'>nominis</span> <span class='ocrx_word' id='word_1_100' title='bbox 944 1790 996 1854; x_wconf 89' lang='lat' dir='ltr'>sui</span> <span class='ocrx_word' id='word_1_101' title='bbox 1012 1790 1128 1875; x_wconf 84' lang='lat' dir='ltr'>gloria,</span> 
     </span>
     <span class='ocr_line' id='line_1_15' title="bbox 84 1889 1130 1979; baseline 0.004 -25"><span class='ocrx_word' id='word_1_102' title='bbox 84 1889 145 1954; x_wconf 89' lang='lat' dir='ltr'>sed</span> <span class='ocrx_word' id='word_1_103' title='bbox 160 1889 256 1953; x_wconf 90' lang='lat' dir='ltr'>enm&#39;</span> <span class='ocrx_word' id='word_1_104' title='bbox 276 1889 434 1974; x_wconf 86' lang='lat' dir='ltr'>(auderet</span> <span class='ocrx_word' id='word_1_105' title='bbox 452 1891 540 1955; x_wconf 92' lang='lat' dir='ltr'>enim</span> <span class='ocrx_word' id='word_1_106' title='bbox 567 1890 685 1968; x_wconf 87' lang='lat' dir='ltr'>dicere,</span> <span class='ocrx_word' id='word_1_107' title='bbox 712 1913 789 1956; x_wconf 92' lang='lat' dir='ltr'>cum</span> <span class='ocrx_word' id='word_1_108' title='bbox 812 1894 954 1977; x_wconf 84' lang='lat' dir='ltr'>patriam</span> <span class='ocrx_word' id='word_1_109' title='bbox 980 1895 1130 1979; x_wconf 91' lang='lat' dir='ltr'>periculo</span> 
     </span>
     <span class='ocr_line' id='line_1_16' title="bbox 84 1991 1129 2080; baseline 0.004 -25"><span class='ocrx_word' id='word_1_110' title='bbox 84 2013 146 2055; x_wconf 89' lang='lat' dir='ltr'>suo</span> <span class='ocrx_word' id='word_1_111' title='bbox 167 1991 370 2076; x_wconf 78' lang='lat' dir='ltr'>liberasset),</span> <span class='ocrx_word' id='word_1_112' title='bbox 391 1994 503 2058; x_wconf 87' lang='lat' dir='ltr'>‘cuius</span> <span class='ocrx_word' id='word_1_113' title='bbox 521 1993 705 2058; x_wconf 85' lang='lat' dir='ltr'>nefandum</span> <span class='ocrx_word' id='word_1_114' title='bbox 730 1994 935 2060; x_wconf 77' lang='lat' dir='ltr'>adulterium</span> <span class='ocrx_word' id='word_1_115' title='bbox 960 1997 994 2059; x_wconf 96' lang='lat' dir='ltr'>in</span> <span class='ocrx_word' id='word_1_116' title='bbox 1020 1997 1129 2080; x_wconf 91' lang='lat' dir='ltr'>pulvi-</span> 
     </span>
     <span class='ocr_line' id='line_1_17' title="bbox 85 2096 1183 2184; baseline 0.004 -26"><span class='ocrx_word' id='word_1_117' title='bbox 85 2096 220 2161; x_wconf 87' lang='lat' dir='ltr'>naribus</span> <span class='ocrx_word' id='word_1_118' title='bbox 236 2097 454 2161; x_wconf 86' lang='lat' dir='ltr'>sanctissimis</span> <span class='ocrx_word' id='word_1_119' title='bbox 472 2097 695 2162; x_wconf 86' lang='lat' dir='ltr'>nobilissimae</span> <span class='ocrx_word' id='word_1_120' title='bbox 720 2098 863 2164; x_wconf 86' lang='lat' dir='ltr'>ieminae</span> <span class='ocrx_word' id='word_1_121' title='bbox 888 2100 1133 2184; x_wconf 88' lang='lat' dir='ltr'>conprehende-</span> <span class='ocrx_word' id='word_1_122' title='bbox 1155 2118 1183 2162; x_wconf 79' lang='lat'>14</span> 
     </span>
    </p>
   </div>
   <div class='ocr_carea' id='block_1_3' title="bbox 83 2201 1203 2601">
    <p class='ocr_par' dir='ltr' id='par_1_3' title="bbox 83 2201 1203 2601">
     <span class='ocr_line' id='line_1_18' title="bbox 84 2201 1183 2291; baseline 0.007 -28"><span class='ocrx_word' id='word_1_123' title='bbox 84 2207 174 2276; x_wconf 83' lang='lat' dir='ltr'>runt,</span> <span class='ocrx_word' id='word_1_124' title='bbox 185 2208 278 2276; x_wconf 87' lang='lat' dir='ltr'>eum,</span> <span class='ocrx_word' id='word_1_125' title='bbox 296 2201 392 2265; x_wconf 90' lang='lat' dir='ltr'>cuius</span> <span class='ocrx_word' id='word_1_126' title='bbox 408 2201 575 2286; x_wconf 90' lang='lat' dir='ltr'>supplicio</span> <span class='ocrx_word' id='word_1_127' title='bbox 591 2210 727 2266; x_wconf 87' lang='lat' dir='ltr'>senatus</span> <span class='ocrx_word' id='word_1_128' title='bbox 752 2203 931 2268; x_wconf 90' lang='lat' dir='ltr'>sollemnes</span> <span class='ocrx_word' id='word_1_129' title='bbox 947 2203 1126 2291; x_wconf 87' lang='lat' dir='ltr'>religiones</span> <span class='ocrx_word' id='word_1_130' title='bbox 1143 2208 1183 2271; x_wconf 78' lang='lat'>7³</span> 
     </span>
     <span class='ocr_line' id='line_1_19' title="bbox 84 2304 1128 2391; baseline 0.006 -24"><span class='ocrx_word' id='word_1_131' title='bbox 84 2304 268 2389; x_wconf 87' lang='lat' dir='ltr'>expiandas</span> <span class='ocrx_word' id='word_1_132' title='bbox 310 2326 406 2389; x_wconf 89' lang='lat' dir='ltr'>saepe</span> <span class='ocrx_word' id='word_1_133' title='bbox 445 2307 584 2382; x_wconf 85' lang='lat' dir='ltr'>censuit,</span> <span class='ocrx_word' id='word_1_134' title='bbox 625 2328 713 2382; x_wconf 89' lang='lat' dir='ltr'>eum,</span> <span class='ocrx_word' id='word_1_135' title='bbox 760 2329 860 2391; x_wconf 92' lang='lat' dir='ltr'>quem</span> <span class='ocrx_word' id='word_1_136' title='bbox 900 2330 976 2372; x_wconf 90' lang='lat' dir='ltr'>cum</span> <span class='ocrx_word' id='word_1_137' title='bbox 1018 2330 1128 2374; x_wconf 89' lang='lat' dir='ltr'>sorore</span> 
     </span>
     <span class='ocr_line' id='line_1_20' title="bbox 84 2409 1203 2496; baseline 0.004 -23"><span class='ocrx_word' id='word_1_138' title='bbox 84 2429 243 2496; x_wconf 87' lang='lat' dir='ltr'>germana</span> <span class='ocrx_word' id='word_1_139' title='bbox 259 2409 425 2473; x_wconf 84' lang='lat' dir='ltr'>nefarium</span> <span class='ocrx_word' id='word_1_140' title='bbox 444 2417 598 2494; x_wconf 85' lang='lat' dir='ltr'>stuprum</span> <span class='ocrx_word' id='word_1_141' title='bbox 615 2409 733 2474; x_wconf 86' lang='lat' dir='ltr'>iecisse</span> <span class='ocrx_word' id='word_1_142' title='bbox 751 2409 788 2474; x_wconf 89' lang='lat' dir='ltr'>L.</span> <span class='ocrx_word' id='word_1_143' title='bbox 806 2411 972 2476; x_wconf 89' lang='lat' dir='ltr'>Lucullus</span> <span class='ocrx_word' id='word_1_144' title='bbox 996 2412 1126 2477; x_wconf 87' lang='lat' dir='ltr'>iuratus</span> <span class='ocrx_word' id='word_1_145' title='bbox 1201 2450 1203 2454; x_wconf 94' lang='lat'>·</span> 
     </span>
     <span class='ocr_line' id='line_1_21' title="bbox 83 2513 1130 2601; baseline 0.002 -22"><span class='ocrx_word' id='word_1_146' title='bbox 83 2536 118 2579; x_wconf 90' lang='lat' dir='ltr'>se</span> <span class='ocrx_word' id='word_1_147' title='bbox 150 2513 402 2598; x_wconf 85' lang='lat' dir='ltr'>quaestionibus</span> <span class='ocrx_word' id='word_1_148' title='bbox 441 2513 562 2578; x_wconf 88' lang='lat' dir='ltr'>habitis</span> <span class='ocrx_word' id='word_1_149' title='bbox 593 2513 680 2579; x_wconf 84' lang='lat' dir='ltr'>dixit</span> <span class='ocrx_word' id='word_1_150' title='bbox 710 2516 919 2600; x_wconf 88' lang='lat' dir='ltr'>comperisse,</span> <span class='ocrx_word' id='word_1_151' title='bbox 951 2537 1038 2592; x_wconf 90' lang='lat' dir='ltr'>eum,</span> <span class='ocrx_word' id='word_1_152' title='bbox 1070 2518 1130 2601; x_wconf 87' lang='lat' dir='ltr'>qui</span> 
     </span>
    </p>
   </div>
   <div class='ocr_carea' id='block_1_4' title="bbox 81 2673 1150 3964">
    <p class='ocr_par' dir='ltr' id='par_1_4' title="bbox 84 2673 1133 3197">
     <span class='ocr_line' id='line_1_22' title="bbox 117 2673 1133 2726; baseline 0.003 -3"><span class='ocrx_word' id='word_1_153' title='bbox 117 2673 328 2725; x_wconf 74' lang='lat' dir='ltr'>ConnmnArro</span> <span class='ocrx_word' id='word_1_154' title='bbox 346 2677 381 2725; x_wconf 90' lang='lat' dir='ltr'>II.</span> <span class='ocrx_word' id='word_1_155' title='bbox 417 2678 507 2726; x_wconf 77' lang='lat' dir='ltr'>Ecetra</span> <span class='ocrx_word' id='word_1_156' title='bbox 527 2675 597 2725; x_wconf 80' lang='lat' dir='ltr'>Onu·</span> <span class='ocrx_word' id='word_1_157' title='bbox 621 2673 713 2722; x_wconf 84' lang='lat' dir='ltr'>Cicero</span> <span class='ocrx_word' id='word_1_158' title='bbox 739 2674 804 2723; x_wconf 89' lang='lat' dir='ltr'>used</span> <span class='ocrx_word' id='word_1_159' title='bbox 828 2677 874 2722; x_wconf 83' lang='lat' dir='ltr'>the</span> <span class='ocrx_word' id='word_1_160' title='bbox 898 2673 952 2722; x_wconf 91' lang='lat' dir='ltr'>line</span> <span class='ocrx_word' id='word_1_161' title='bbox 969 2674 998 2722; x_wconf 81' lang='lat' dir='ltr'>of</span> <span class='ocrx_word' id='word_1_162' title='bbox 1021 2674 1133 2726; x_wconf 83' lang='lat' dir='ltr'>defence</span> 
     </span>
     <span class='ocr_line' id='line_1_23' title="bbox 84 2750 1133 2816; baseline 0.003 -16"><span class='ocrx_word' id='word_1_163' title='bbox 84 2765 152 2813; x_wconf 77' lang='lat' dir='ltr'>sum,</span> <span class='ocrx_word' id='word_1_164' title='bbox 172 2752 201 2813; x_wconf 62' lang='grc' dir='ltr'>ἐξ</span> <span class='ocrx_word' id='word_1_165' title='bbox 213 2753 300 2803; x_wconf 78' lang='grc'><strong>72-91.</strong></span> <span class='ocrx_word' id='word_1_166' title='bbox 337 2753 430 2804; x_wconf 86' lang='lat' dir='ltr'>Cicero</span> <span class='ocrx_word' id='word_1_167' title='bbox 448 2755 536 2804; x_wconf 85' lang='lat' dir='ltr'>shows</span> <span class='ocrx_word' id='word_1_168' title='bbox 555 2750 595 2814; x_wconf 86' lang='lat' dir='ltr'>(n)</span> <span class='ocrx_word' id='word_1_169' title='bbox 620 2751 708 2799; x_wconf 88' lang='lat' dir='ltr'>which</span> <span class='ocrx_word' id='word_1_170' title='bbox 731 2751 831 2801; x_wconf 83' lang='lat' dir='ltr'>Brutus</span> <span class='ocrx_word' id='word_1_171' title='bbox 854 2751 908 2800; x_wconf 85' lang='lat' dir='ltr'>had</span> <span class='ocrx_word' id='word_1_172' title='bbox 926 2752 1008 2816; x_wconf 81' lang='lat' dir='ltr'>urged</span> <span class='ocrx_word' id='word_1_173' title='bbox 1026 2752 1070 2800; x_wconf 83' lang='lat' dir='ltr'>for</span> <span class='ocrx_word' id='word_1_174' title='bbox 1086 2755 1133 2803; x_wconf 88' lang='lat' dir='ltr'>the</span> 
     </span>
     <span class='ocr_line' id='line_1_24' title="bbox 84 2829 1132 2890; baseline 0.003 -14"><span class='ocrx_word' id='word_1_175' title='bbox 84 2829 145 2877; x_wconf 88' lang='lat' dir='ltr'>that</span> <span class='ocrx_word' id='word_1_176' title='bbox 157 2829 224 2878; x_wconf 91' lang='lat' dir='ltr'>Milo</span> <span class='ocrx_word' id='word_1_177' title='bbox 235 2830 285 2878; x_wconf 88' lang='lat' dir='ltr'>has</span> <span class='ocrx_word' id='word_1_178' title='bbox 298 2831 423 2882; x_wconf 88' lang='lat' dir='ltr'>deserved</span> <span class='ocrx_word' id='word_1_179' title='bbox 438 2831 496 2880; x_wconf 88' lang='lat' dir='ltr'>well</span> <span class='ocrx_word' id='word_1_180' title='bbox 509 2831 538 2878; x_wconf 85' lang='lat' dir='ltr'>oi</span> <span class='ocrx_word' id='word_1_181' title='bbox 551 2829 597 2878; x_wconf 80' lang='lat' dir='ltr'>the</span> <span class='ocrx_word' id='word_1_182' title='bbox 619 2829 751 2890; x_wconf 87' lang='lat' dir='ltr'>principal</span> <span class='ocrx_word' id='word_1_183' title='bbox 760 2843 820 2879; x_wconf 90' lang='lat' dir='ltr'>one.</span> <span class='ocrx_word' id='word_1_184' title='bbox 856 2829 981 2878; x_wconf 84' lang='lat' dir='ltr'>mentiri</span> <span class='ocrx_word' id='word_1_185' title='bbox 990 2829 1132 2890; x_wconf 78' lang='lat' dir='ltr'>gloriose,</span> 
     </span>
     <span class='ocr_line' id='line_1_25' title="bbox 85 2904 1129 2969; baseline 0.002 -15"><span class='ocrx_word' id='word_1_186' title='bbox 85 2910 155 2954; x_wconf 82' lang='lat' dir='ltr'>state</span> <span class='ocrx_word' id='word_1_187' title='bbox 172 2905 316 2969; x_wconf 84' lang='lat' dir='ltr'>bykilling</span> <span class='ocrx_word' id='word_1_188' title='bbox 333 2907 452 2969; x_wconf 66' lang='lat' dir='ltr'>Clodius</span> <span class='ocrx_word' id='word_1_189' title='bbox 466 2907 595 2968; x_wconf 64' lang='lat'>§572-82,</span> <span class='ocrx_word' id='word_1_190' title='bbox 621 2904 731 2967; x_wconf 84' lang='lat' dir='ltr'>‘falsely</span> <span class='ocrx_word' id='word_1_191' title='bbox 764 2906 860 2968; x_wconf 88' lang='lat' dir='ltr'>boast‚’</span> <span class='ocrx_word' id='word_1_192' title='bbox 896 2921 931 2954; x_wconf 88' lang='lat' dir='ltr'>an</span> <span class='ocrx_word' id='word_1_193' title='bbox 971 2921 1129 2969; x_wconf 84' lang='lat' dir='ltr'>oxymoron.</span> 
     </span>
     <span class='ocr_line' id='line_1_26' title="bbox 85 2979 1129 3044; baseline 0.005 -15"><span class='ocrx_word' id='word_1_194' title='bbox 85 2981 139 3030; x_wconf 89' lang='lat' dir='ltr'>and</span> <span class='ocrx_word' id='word_1_195' title='bbox 153 2980 192 3044; x_wconf 85' lang='lat' dir='ltr'>(b)</span> <span class='ocrx_word' id='word_1_196' title='bbox 207 2983 267 3031; x_wconf 87' lang='lat' dir='ltr'>that</span> <span class='ocrx_word' id='word_1_197' title='bbox 281 2983 347 3034; x_wconf 90' lang='lat' dir='ltr'>Milo</span> <span class='ocrx_word' id='word_1_198' title='bbox 366 2999 419 3034; x_wconf 86' lang='lat' dir='ltr'>was</span> <span class='ocrx_word' id='word_1_199' title='bbox 438 2985 486 3033; x_wconf 83' lang='lat' dir='ltr'>but</span> <span class='ocrx_word' id='word_1_200' title='bbox 504 2999 538 3032; x_wconf 87' lang='lat' dir='ltr'>an</span> <span class='ocrx_word' id='word_1_201' title='bbox 558 2984 597 3033; x_wconf 92' lang='lat' dir='ltr'>in·</span> <span class='ocrx_word' id='word_1_202' title='bbox 620 2979 672 3042; x_wconf 78' lang='lat' dir='ltr'>sp.</span> <span class='ocrx_word' id='word_1_203' title='bbox 695 2981 857 3032; x_wconf 85' lang='lat' dir='ltr'>Maelium:</span> <span class='ocrx_word' id='word_1_204' title='bbox 875 2997 919 3032; x_wconf 87' lang='lat' dir='ltr'>see</span> <span class='ocrx_word' id='word_1_205' title='bbox 941 2998 977 3032; x_wconf 92' lang='lat' dir='ltr'>on</span> <span class='ocrx_word' id='word_1_206' title='bbox 1000 2984 1021 3032; x_wconf 92' lang='lat'>1.</span> <span class='ocrx_word' id='word_1_207' title='bbox 1041 2983 1066 3031; x_wconf 83' lang='grc'>3.</span> <span class='ocrx_word' id='word_1_208' title='bbox 1089 2985 1129 3034; x_wconf 79' lang='grc'>25.</span> 
     </span>
     <span class='ocr_line' id='line_1_27' title="bbox 85 3057 1128 3121; baseline 0.001 -14"><span class='ocrx_word' id='word_1_209' title='bbox 85 3063 220 3108; x_wconf 85' lang='lat' dir='ltr'>strument</span> <span class='ocrx_word' id='word_1_210' title='bbox 237 3060 265 3108; x_wconf 91' lang='lat' dir='ltr'>in</span> <span class='ocrx_word' id='word_1_211' title='bbox 283 3062 330 3109; x_wconf 83' lang='lat' dir='ltr'>the</span> <span class='ocrx_word' id='word_1_212' title='bbox 346 3061 433 3110; x_wconf 87' lang='lat' dir='ltr'>hands</span> <span class='ocrx_word' id='word_1_213' title='bbox 451 3061 480 3112; x_wconf 87' lang='lat' dir='ltr'>oi</span> <span class='ocrx_word' id='word_1_214' title='bbox 504 3062 596 3110; x_wconf 83' lang='lat' dir='ltr'>Provi-</span> <span class='ocrx_word' id='word_1_215' title='bbox 618 3057 754 3115; x_wconf 80' lang='lat' dir='ltr'>iacturis,</span> <span class='ocrx_word' id='word_1_216' title='bbox 790 3058 893 3108; x_wconf 79' lang='lat' dir='ltr'>‘lavish</span> <span class='ocrx_word' id='word_1_217' title='bbox 930 3059 1128 3121; x_wconf 67' lang='lat' dir='ltr'>expenditur-e!</span> 
     </span>
     <span class='ocr_line' id='line_1_28' title="bbox 85 3133 1132 3197; baseline 0.002 -15"><span class='ocrx_word' id='word_1_218' title='bbox 85 3135 177 3196; x_wconf 87' lang='lat' dir='ltr'>dence,</span> <span class='ocrx_word' id='word_1_219' title='bbox 190 3135 220 3196; x_wconf 60' lang='grc' dir='ltr'><strong>ᾗῇ</strong></span> <span class='ocrx_word' id='word_1_220' title='bbox 232 3135 318 3186; x_wconf 86' lang='grc'><strong>83-91.</strong></span> <span class='ocrx_word' id='word_1_221' title='bbox 619 3133 764 3195; x_wconf 77' lang='lat' dir='ltr'>collegae,</span> <span class='ocrx_word' id='word_1_222' title='bbox 777 3135 916 3197; x_wconf 85' lang='lat' dir='ltr'>Octavius,</span> <span class='ocrx_word' id='word_1_223' title='bbox 931 3137 992 3185; x_wconf 89' lang='lat' dir='ltr'>who</span> <span class='ocrx_word' id='word_1_224' title='bbox 1010 3150 1064 3185; x_wconf 87' lang='lat' dir='ltr'>was</span> <span class='ocrx_word' id='word_1_225' title='bbox 1082 3151 1132 3186; x_wconf 91' lang='lat' dir='ltr'>un-</span> 
     </span>
    </p>

    <p class='ocr_par' dir='ltr' id='par_1_5' title="bbox 86 3210 1131 3658">
     <span class='ocr_line' id='line_1_29' title="bbox 118 3210 1130 3273; baseline 0.002 -13"><span class='ocrx_word' id='word_1_226' title='bbox 118 3212 155 3260; x_wconf 90' lang='lat'>11.</span> <span class='ocrx_word' id='word_1_227' title='bbox 193 3210 242 3273; x_wconf 81' lang='lat' dir='ltr'>(a).</span> <span class='ocrx_word' id='word_1_228' title='bbox 278 3211 344 3262; x_wconf 90' lang='lat' dir='ltr'>Milo</span> <span class='ocrx_word' id='word_1_229' title='bbox 378 3215 501 3264; x_wconf 86' lang='lat' dir='ltr'>deserves</span> <span class='ocrx_word' id='word_1_230' title='bbox 537 3213 596 3263; x_wconf 87' lang='lat' dir='ltr'>well</span> <span class='ocrx_word' id='word_1_231' title='bbox 618 3211 851 3273; x_wconf 84' lang='lat' dir='ltr'>constitutionally</span> <span class='ocrx_word' id='word_1_232' title='bbox 893 3212 1018 3261; x_wconf 90' lang='lat' dir='ltr'>removed</span> <span class='ocrx_word' id='word_1_233' title='bbox 1059 3212 1130 3262; x_wconf 85' lang='lat' dir='ltr'>from</span> 
     </span>
     <span class='ocr_line' id='line_1_30' title="bbox 86 3287 1130 3353; baseline -0.001 -13"><span class='ocrx_word' id='word_1_234' title='bbox 86 3288 115 3336; x_wconf 85' lang='lat' dir='ltr'>of</span> <span class='ocrx_word' id='word_1_235' title='bbox 147 3289 194 3336; x_wconf 86' lang='lat' dir='ltr'>the</span> <span class='ocrx_word' id='word_1_236' title='bbox 228 3289 312 3350; x_wconf 84' lang='lat' dir='ltr'>State,</span> <span class='ocrx_word' id='word_1_237' title='bbox 343 3291 386 3339; x_wconf 87' lang='lat' dir='ltr'>for</span> <span class='ocrx_word' id='word_1_238' title='bbox 419 3289 456 3353; x_wconf 86' lang='lat'>(1)</span> <span class='ocrx_word' id='word_1_239' title='bbox 486 3291 596 3342; x_wconf 82' lang='lat' dir='ltr'>Clodius</span> <span class='ocrx_word' id='word_1_240' title='bbox 619 3287 695 3336; x_wconf 87' lang='lat' dir='ltr'>office</span> <span class='ocrx_word' id='word_1_241' title='bbox 724 3287 766 3337; x_wconf 85' lang='lat' dir='ltr'>for</span> <span class='ocrx_word' id='word_1_242' title='bbox 791 3289 925 3351; x_wconf 86' lang='lat' dir='ltr'>opposing</span> <span class='ocrx_word' id='word_1_243' title='bbox 948 3289 994 3338; x_wconf 80' lang='lat' dir='ltr'>the</span> <span class='ocrx_word' id='word_1_244' title='bbox 1017 3289 1130 3339; x_wconf 76' lang='lat' dir='ltr'>reforma</span> 
     </span>
     <span class='ocr_line' id='line_1_31' title="bbox 86 3363 1131 3430; baseline 0.008 -19"><span class='ocrx_word' id='word_1_245' title='bbox 86 3364 140 3412; x_wconf 87' lang='lat' dir='ltr'>had</span> <span class='ocrx_word' id='word_1_246' title='bbox 168 3365 281 3414; x_wconf 87' lang='lat' dir='ltr'>merited</span> <span class='ocrx_word' id='word_1_247' title='bbox 305 3365 387 3424; x_wconf 87' lang='lat' dir='ltr'>death</span> <span class='ocrx_word' id='word_1_248' title='bbox 409 3367 443 3429; x_wconf 87' lang='lat' dir='ltr'>by</span> <span class='ocrx_word' id='word_1_249' title='bbox 466 3368 509 3417; x_wconf 86' lang='lat' dir='ltr'>his</span> <span class='ocrx_word' id='word_1_250' title='bbox 533 3367 597 3430; x_wconf 86' lang='lat' dir='ltr'>long</span> <span class='ocrx_word' id='word_1_251' title='bbox 619 3365 647 3412; x_wconf 66' lang='grc' dir='ltr'>οἱ</span> <span class='ocrx_word' id='word_1_252' title='bbox 670 3363 816 3414; x_wconf 76' lang='lat' dir='ltr'>Gracchus·</span> <span class='ocrx_word' id='word_1_253' title='bbox 853 3365 1009 3428; x_wconf 75' lang='lat' dir='ltr'>Creighton,</span> <span class='ocrx_word' id='word_1_254' title='bbox 1034 3380 1060 3427; x_wconf 88' lang='lat' dir='ltr'>p.</span> <span class='ocrx_word' id='word_1_255' title='bbox 1085 3367 1131 3427; x_wconf 74' lang='lat'>583</span> 
     </span>
     <span class='ocr_line' id='line_1_32' title="bbox 86 3440 1056 3505; baseline 0.002 -16"><span class='ocrx_word' id='word_1_256' title='bbox 86 3441 166 3489; x_wconf 86' lang='lat' dir='ltr'>series</span> <span class='ocrx_word' id='word_1_257' title='bbox 200 3441 229 3490; x_wconf 87' lang='lat' dir='ltr'>of</span> <span class='ocrx_word' id='word_1_258' title='bbox 265 3441 361 3491; x_wconf 89' lang='lat' dir='ltr'>crimes</span> <span class='ocrx_word' id='word_1_259' title='bbox 392 3443 498 3505; x_wconf 79' lang='lat' dir='ltr'>against</span> <span class='ocrx_word' id='word_1_260' title='bbox 529 3445 597 3493; x_wconf 91' lang='lat' dir='ltr'>indi·</span> <span class='ocrx_word' id='word_1_261' title='bbox 619 3440 709 3502; x_wconf 89' lang='lat' dir='ltr'>Allen,</span> <span class='ocrx_word' id='word_1_262' title='bbox 722 3455 748 3503; x_wconf 91' lang='lat' dir='ltr'>p.</span> <span class='ocrx_word' id='word_1_263' title='bbox 764 3442 822 3500; x_wconf 65' lang='lat'>1562</span> <span class='ocrx_word' id='word_1_264' title='bbox 840 3440 961 3502; x_wconf 88' lang='lat' dir='ltr'>Pennell‚</span> <span class='ocrx_word' id='word_1_265' title='bbox 975 3456 1001 3504; x_wconf 91' lang='lat' dir='ltr'>p.</span> <span class='ocrx_word' id='word_1_266' title='bbox 1016 3443 1056 3492; x_wconf 82' lang='lat'>95.</span> 
     </span>
     <span class='ocr_line' id='line_1_33' title="bbox 86 3516 1130 3579; baseline 0.004 -14"><span class='ocrx_word' id='word_1_267' title='bbox 86 3516 191 3566; x_wconf 85' lang='lat' dir='ltr'>viduals</span> <span class='ocrx_word' id='word_1_268' title='bbox 214 3516 266 3566; x_wconf 89' lang='lat' dir='ltr'>and</span> <span class='ocrx_word' id='word_1_269' title='bbox 296 3519 343 3567; x_wconf 88' lang='lat' dir='ltr'>the</span> <span class='ocrx_word' id='word_1_270' title='bbox 370 3520 595 3569; x_wconf 78' lang='lat' dir='ltr'>commonwealth</span> <span class='ocrx_word' id='word_1_271' title='bbox 650 3517 719 3574; x_wconf 72' lang='lat' dir='ltr'>§in</span> <span class='ocrx_word' id='word_1_272' title='bbox 739 3517 840 3567; x_wconf 87' lang='grc'><strong>16-17.</strong></span> <span class='ocrx_word' id='word_1_273' title='bbox 859 3529 993 3579; x_wconf 80' lang='lat' dir='ltr'>saepe:</span> <span class='ocrx_word' id='word_1_274' title='bbox 1022 3533 1065 3568; x_wconf 89' lang='lat' dir='ltr'>see</span> <span class='ocrx_word' id='word_1_275' title='bbox 1094 3534 1130 3569; x_wconf 92' lang='lat' dir='ltr'>on</span> 
     </span>
     <span class='ocr_line' id='line_1_34' title="bbox 88 3593 1128 3658; baseline 0 -13"><span class='ocrx_word' id='word_1_276' title='bbox 88 3593 128 3654; x_wconf 58' lang='grc' dir='ltr'>(δὲ</span> <span class='ocrx_word' id='word_1_277' title='bbox 140 3593 242 3654; x_wconf 79' lang='grc'><strong>72-75).</strong></span> <span class='ocrx_word' id='word_1_278' title='bbox 618 3594 685 3644; x_wconf 84' lang='lat' dir='ltr'>Sest.</span> <span class='ocrx_word' id='word_1_279' title='bbox 697 3593 742 3643; x_wconf 87' lang='grc'>67.</span> <span class='ocrx_word' id='word_1_280' title='bbox 752 3595 774 3656; x_wconf 89' lang='grc'>1,</span> <span class='ocrx_word' id='word_1_281' title='bbox 783 3597 807 3658; x_wconf 86' lang='grc'>4,</span> <span class='ocrx_word' id='word_1_282' title='bbox 818 3595 871 3644; x_wconf 88' lang='lat' dir='ltr'>and</span> <span class='ocrx_word' id='word_1_283' title='bbox 880 3597 923 3645; x_wconf 83' lang='lat' dir='ltr'>for</span> <span class='ocrx_word' id='word_1_284' title='bbox 932 3596 978 3644; x_wconf 88' lang='lat' dir='ltr'>the</span> <span class='ocrx_word' id='word_1_285' title='bbox 987 3596 1043 3644; x_wconf 86' lang='lat' dir='ltr'>fact</span> <span class='ocrx_word' id='word_1_286' title='bbox 1052 3611 1077 3658; x_wconf 91' lang='lat' dir='ltr'>p.</span> <span class='ocrx_word' id='word_1_287' title='bbox 1088 3598 1128 3658; x_wconf 80' lang='lat'>41,</span> 
     </span>
    </p>

    <p class='ocr_par' dir='ltr' id='par_1_6' title="bbox 618 3672 1129 3733">
     <span class='ocr_line' id='line_1_35' title="bbox 618 3672 1129 3733; baseline -0.008 -9"><span class='ocrx_word' id='word_1_288' title='bbox 618 3672 632 3732; x_wconf 66' lang='lat' dir='ltr'>l</span> <span class='ocrx_word' id='word_1_289' title='bbox 654 3672 685 3724; x_wconf 90' lang='grc'>73</span> <span class='ocrx_word' id='word_1_290' title='bbox 708 3673 740 3720; x_wconf 85' lang='lat' dir='ltr'>ad</span> <span class='ocrx_word' id='word_1_291' title='bbox 765 3672 809 3722; x_wconf 91' lang='lat' dir='ltr'>fin.</span> <span class='ocrx_word' id='word_1_292' title='bbox 845 3684 953 3720; x_wconf 80' lang='lat' dir='ltr'>sorore</span> <span class='ocrx_word' id='word_1_293' title='bbox 979 3684 1129 3733; x_wconf 74' lang='lat' dir='ltr'>germana,</span> 
     </span>
    </p>

    <p class='ocr_par' dir='ltr' id='par_1_7' title="bbox 81 3743 1150 3964">
     <span class='ocr_line' id='line_1_36' title="bbox 117 3743 1131 3810; baseline 0.003 -13"><span class='ocrx_word' id='word_1_294' title='bbox 117 3743 129 3800; x_wconf 74' lang='lat' dir='ltr'>l</span> <span class='ocrx_word' id='word_1_295' title='bbox 143 3747 181 3797; x_wconf 80' lang='lat'>72.</span> <span class='ocrx_word' id='word_1_296' title='bbox 200 3743 261 3794; x_wconf 82' lang='lat'>4-9.</span> <span class='ocrx_word' id='word_1_297' title='bbox 279 3748 315 3793; x_wconf 88' lang='lat' dir='ltr'>ut</span> <span class='ocrx_word' id='word_1_298' title='bbox 327 3745 411 3804; x_wconf 84' lang='lat' dir='ltr'>dilui,</span> <span class='ocrx_word' id='word_1_299' title='bbox 421 3748 475 3808; x_wconf 89' lang='lat' dir='ltr'>l.e.,</span> <span class='ocrx_word' id='word_1_300' title='bbox 486 3747 513 3796; x_wconf 91' lang='lat' dir='ltr'>in</span> <span class='ocrx_word' id='word_1_301' title='bbox 529 3747 596 3797; x_wconf 80' lang='lat' dir='ltr'>Gon-</span> <span class='ocrx_word' id='word_1_302' title='bbox 618 3749 660 3798; x_wconf 88' lang='lat' dir='ltr'>his</span> <span class='ocrx_word' id='word_1_303' title='bbox 673 3749 745 3798; x_wconf 87' lang='lat' dir='ltr'>third</span> <span class='ocrx_word' id='word_1_304' title='bbox 757 3750 844 3810; x_wconf 84' lang='lat' dir='ltr'>sister,</span> <span class='ocrx_word' id='word_1_305' title='bbox 859 3751 905 3798; x_wconf 89' lang='lat' dir='ltr'>the</span> <span class='ocrx_word' id='word_1_306' title='bbox 919 3749 980 3798; x_wconf 81' lang='lat' dir='ltr'>wife</span> <span class='ocrx_word' id='word_1_307' title='bbox 992 3749 1022 3798; x_wconf 83' lang='lat' dir='ltr'>of</span> <span class='ocrx_word' id='word_1_308' title='bbox 1033 3749 1131 3800; x_wconf 88' lang='lat' dir='ltr'>Lucul-</span> 
     </span>
     <span class='ocr_line' id='line_1_37' title="bbox 81 3821 1127 3882; baseline 0.006 -13"><span class='ocrx_word' id='word_1_309' title='bbox 81 3821 204 3882; x_wconf 80' lang='lat' dir='ltr'>firmntio</span> <span class='ocrx_word' id='word_1_310' title='bbox 227 3822 249 3870; x_wconf 94' lang='grc' dir='ltr'>Ι.</span> <span class='ocrx_word' id='word_1_311' title='bbox 285 3821 381 3872; x_wconf 85' lang='lat' dir='ltr'>Notice</span> <span class='ocrx_word' id='word_1_312' title='bbox 406 3823 466 3872; x_wconf 84' lang='lat' dir='ltr'>that</span> <span class='ocrx_word' id='word_1_313' title='bbox 489 3825 516 3872; x_wconf 89' lang='lat' dir='ltr'>in</span> <span class='ocrx_word' id='word_1_314' title='bbox 541 3825 595 3873; x_wconf 86' lang='lat' dir='ltr'>this</span> <span class='ocrx_word' id='word_1_315' title='bbox 618 3824 671 3874; x_wconf 92' lang='lat' dir='ltr'>lns:</span> <span class='ocrx_word' id='word_1_316' title='bbox 688 3825 731 3874; x_wconf 85' lang='lat' dir='ltr'>for</span> <span class='ocrx_word' id='word_1_317' title='bbox 747 3827 794 3875; x_wconf 88' lang='lat' dir='ltr'>the</span> <span class='ocrx_word' id='word_1_318' title='bbox 810 3826 866 3875; x_wconf 81' lang='lat' dir='ltr'>faci</span> <span class='ocrx_word' id='word_1_319' title='bbox 884 3826 918 3875; x_wconf 83' lang='lat' dir='ltr'>cf.</span> <span class='ocrx_word' id='word_1_320' title='bbox 938 3825 1070 3875; x_wconf 69' lang='lat' dir='ltr'>Sese-16.</span> <span class='ocrx_word' id='word_1_321' title='bbox 1088 3827 1127 3876; x_wconf 82' lang='lat'>22.</span> 
     </span>
     <span class='ocr_line' id='line_1_38' title="bbox 86 3897 1150 3964; baseline 0.009 -17"><span class='ocrx_word' id='word_1_322' title='bbox 86 3897 183 3948; x_wconf 83' lang='lat' dir='ltr'>second</span> <span class='ocrx_word' id='word_1_323' title='bbox 206 3901 266 3962; x_wconf 87' lang='lat' dir='ltr'>part</span> <span class='ocrx_word' id='word_1_324' title='bbox 289 3899 318 3949; x_wconf 81' lang='lat' dir='ltr'>of</span> <span class='ocrx_word' id='word_1_325' title='bbox 346 3899 393 3949; x_wconf 85' lang='lat' dir='ltr'>the</span> <span class='ocrx_word' id='word_1_326' title='bbox 418 3899 595 3964; x_wconf 67' lang='lat' dir='ltr'>Oorrtlrrnotio</span> <span class='ocrx_word' id='word_1_327' title='bbox 617 3901 647 3950; x_wconf 76' lang='lat' dir='ltr'>L</span> <span class='ocrx_word' id='word_1_328' title='bbox 658 3901 821 3954; x_wconf 74' lang='lat' dir='ltr'>Lucullus:</span> <span class='ocrx_word' id='word_1_329' title='bbox 838 3915 882 3954; x_wconf 80' lang='lat' dir='ltr'>ece</span> <span class='ocrx_word' id='word_1_330' title='bbox 894 3915 930 3954; x_wconf 87' lang='lat' dir='ltr'>ou</span> <span class='ocrx_word' id='word_1_331' title='bbox 942 3903 1013 3954; x_wconf 84' lang='lat' dir='ltr'>Mur.</span> <span class='ocrx_word' id='word_1_332' title='bbox 1028 3902 1073 3954; x_wconf 81' lang='lat'>20.</span> <span class='ocrx_word' id='word_1_333' title='bbox 1087 3903 1130 3958; x_wconf 71' lang='lat'>123</span> <span class='ocrx_word' id='word_1_334' title='bbox 1148 3925 1150 3930; x_wconf 57' lang='lat'><strong><em>¹</em></strong></span> 
     </span>
    </p>
   </div>
   <div class='ocr_carea' id='block_1_5' title="bbox 0 0 1444 4378">
    <p class='ocr_par' dir='ltr' id='par_1_8' title="bbox 0 0 1444 4378">
     <span class='ocr_line' id='line_1_39' title="bbox 0 0 1444 4378; baseline 0 0"><span class='ocrx_word' id='word_1_335' title='bbox 0 0 1444 4378; x_wconf 95' lang='lat' dir='ltr'> </span> 
     </span>
    </p>
   </div>
  </div>
 </body>
</html>
