2954 4374
497 281 578 335 cnr.
605 284 690 340 tart.
715 284 728 346 s
750 283 837 334 aaa.
1171 267 1233 334 175

135 454 402 520 contemnendus
421 454 550 530 luisset,
568 477 676 541 neque
699 463 791 520 tanta
808 476 886 520 cura
901 463 1037 520 senatus
1052 461 1087 520 et
1107 476 1185 540 pop
1221 471 1236 514 s
1322 486 1325 492 ,

137 561 214 624 ulus
239 560 410 624 Romanus
431 559 681 644 suscipiendum
703 569 855 644 putasset
879 582 987 645 noque
1008 567 1059 624 tot
1079 580 1183 622 annos

135 665 295 751 gessisset
319 685 428 748 neque
454 671 548 728 tenta
577 664 684 750 gloria
709 663 747 726 L.
771 663 946 738 Lucullus,
971 685 1079 750 neque
1103 684 1183 727 vero

135 769 208 834 eius
235 768 315 833 belli
340 766 538 833 conficiendi
563 769 736 855 negotium
769 775 864 832 tanto
895 767 1008 832 studio
1038 767 1182 853 populus

136 874 307 938 Romanus
326 871 369 937 ad
391 872 453 936 Cu.
470 871 668 957 Pompeium
691 871 879 938 detulisset.
926 872 1031 936 Cuius
1053 893 1095 937 ex
1118 893 1184 936 om-

135 978 235 1042 nibus
258 977 390 1064 pugnis,
413 998 499 1061 quae
522 985 604 1041 sunt
630 976 900 1052 innumerabiles,
925 977 989 1042 vel·
1005 977 1184 1042 accerrima
1207 995 1235 1039 10

135 1083 216 1146 mihi
249 1081 384 1147 videtur
413 1082 481 1157 illa,
513 1103 598 1166 quae
630 1103 705 1146 cum
739 1104 817 1168 rege
856 1082 1031 1146 commissa
1068 1089 1120 1146 est
1149 1090 1184 1147 et

133 1207 266 1252 summa
289 1187 503 1252 contentione
528 1195 687 1274 pugnata.
735 1187 812 1266 Qua
833 1209 874 1251 ex
903 1207 1017 1273 pugna
1041 1208 1115 1252 cum
1148 1207 1182 1251 se
1228 1168 1234 1179 ¹

134 1293 193 1356 ille
219 1291 397 1375 eripuisset
422 1297 457 1356 et
481 1290 692 1375 Bosphorum
720 1290 938 1378 confugisset,
962 1311 1031 1375 quo
1061 1291 1184 1355 exerci·
1256 1332 1258 1338 r

134 1405 190 1461 tus
206 1394 298 1459 adire
315 1416 381 1458 non
399 1403 520 1479 posset,
538 1397 637 1460 etiam
656 1396 690 1457 in
710 1404 862 1460 extrema
885 1394 1021 1460 fortuna
1044 1402 1079 1460 et
1101 1392 1183 1480 iuga

133 1521 258 1565 nomeu
278 1507 389 1564 tamen
412 1501 554 1564 retinuit
576 1501 715 1585 regium.
763 1500 883 1585 ltaque
906 1500 976 1585 ipse
1002 1499 1182 1585 Pompeius
1207 1515 1234 1559 15

133 1627 238 1690 regno
260 1625 411 1688 possesso
427 1626 470 1669 ex
494 1603 647 1668 omnibus
665 1605 731 1670 oris
755 1625 793 1668 ae
817 1605 905 1668 notis
928 1602 1063 1668 sedibus
1087 1603 1181 1668 hoste

133 1710 233 1794 pulso
261 1716 372 1772 tamen
395 1715 526 1772 tantum
555 1709 589 1770 in
618 1709 717 1772 unius
743 1708 853 1773 anima
880 1709 1004 1793 posuit,
1032 1715 1080 1784 ut,
1108 1727 1185 1771 cum

133 1814 255 1888 omnia,
288 1834 373 1897 quae
404 1813 461 1877 ille
489 1819 654 1888 tenuerat,
685 1812 823 1890 adierat,
854 1819 1013 1898 sperarat,
1043 1812 1182 1876 victoria

132 1915 330 2004 possideret,
358 1923 471 1982 tamen
496 1938 563 1980 non
588 1925 677 1994 ante,
701 1939 803 2002 quam
826 1917 921 1981 illum
946 1917 1017 1982 vita
1039 1916 1180 2001 expulit,

131 2021 258 2087 bellum
283 2020 475 2085 confectum
497 2018 664 2085 iudicarit.
711 2021 813 2086 Hune
844 2029 882 2086 tu
913 2021 1052 2096 hostem,
1084 2019 1179 2097 Cato,
1203 2035 1234 2080 to

131 2125 330 2200 contemnis,
363 2145 508 2209 quocum
546 2146 605 2209 per
642 2132 695 2190 tot
724 2146 827 2190 annos
860 2132 920 2190 'tot
957 2125 1090 2210 proeliis
1129 2132 1181 2189 tot

130 2233 348 2315 imperatores
366 2228 455 2294 bella
470 2237 658 2315 gesserunt,
675 2231 772 2294 ouius
789 2229 922 2315 expulsi
938 2237 974 2294 et
989 2230 1088 2294 eiecti
1111 2230 1181 2292 vita

132 2332 220 2398 tanti
247 2333 421 2396 aestimata
451 2340 511 2408 est,
539 2341 578 2396 ut
607 2341 713 2398 morte
744 2335 817 2398 eius
848 2335 1004 2398 nuntiata
1033 2333 1180 2418 denique

134 2437 260 2502 bellum
276 2434 468 2500 confectum
486 2436 727 2502 arbitraretur?
773 2438 847 2502 Hoc
862 2439 968 2524 igitur
983 2439 1018 2501 in
1033 2437 1121 2502 bello
1141 2437 1179 2501 L.

134 2596 583 2659 0010011111100103100001111
601 2596 648 2645 the
668 2597 805 2660 kingdom.
847 2597 973 2654 adierat,
999 2598 1047 2646 tlte
1074 2596 1180 2646 Roman

130 2687 229 2735 enemy
247 2671 404 2733 (Asiaticae
424 2673 587 2733 notiones.§
605 2672 645 2731 31,
667 2675 832 2734 possessione
860 2675 888 2722 in
917 2674 992 2724 Asia.
1033 2677 1180 2736 sperarat.

131 2749 174 2810 34)
196 2748 369 2810 unsubdued;
388 2748 448 2806 ille,
466 2749 579 2798 because
598 2748 648 2796 Mi·
666 2751 835 2812 sorereignty
877 2764 941 2800 over
984 2750 1031 2800 the
1074 2755 1180 2800 eastern

132 2826 271 2876 tlntdates
284 2840 337 2876 was
350 2839 410 2874 now
422 2825 498 2874 dead.
668 2827 758 2875 world.

164 2900 248 2951 9-11.
265 2901 306 2950 ad
331 2901 521 2962 Pompeium,
550 2916 574 2964 p.
606 2902 646 2960 20,
698 2902 799 2951 21-23.
817 2907 873 2960 tot,
896 2903 991 2952 tanti:
1020 2917 1063 2952 see
1085 2917 1120 2952 on
1145 2904 1178 2963 I.,

132 2981 146 3042 ς
168 2980 208 3028 23.
234 2990 305 3026 cum
328 2989 414 3039 rege:
437 2978 484 3027 the
508 2977 590 3026 battle
614 2977 647 3039 by
667 2979 773 3041 1⁷.1tt;
796 2980 839 3029 for
850 2994 910 3029 case
922 2981 951 3028 of
969 2981 1049 3040 tanti,
1063 2980 1098 3029 cf.
1113 2981 1126 3041 ἓ
1141 2981 1177 3029 10.

131 3057 179 3105 the
197 3055 350 3117 Euphrates
368 3055 397 3102 in
413 3055 446 3104 66
464 3054 486 3103 is
503 3059 603 3104 meant.
667 3057 696 3105 31
707 3055 760 3106 and
773 3071 817 3108 see
828 3071 863 3107 on
876 3056 909 3115 I.‚
923 3056 969 3106 22.
983 3057 1006 3106 8.
1038 3055 1179 3117 denique,

162 3131 211 3181 13.
231 3129 435 3192 Bosphorum,
458 3131 513 3191 ie,
538 3131 585 3180 the
605 3129 648 3179 Ci-
668 3133 769 3196 though
783 3133 864 3195 going
876 3133 941 3181 with
954 3133 1000 3182 tbe
1018 3132 1093 3182 finite
1106 3133 1177 3190 verb,

131 3210 236 3259 morian
256 3207 401 3269 Bosporus,
426 3207 472 3256 the
492 3207 584 3256 straits
605 3206 648 3256 be·
667 3223 729 3271 may
751 3210 779 3257 in
797 3207 958 3258 translation
982 3210 1014 3258 be
1032 3209 1177 3258 connected

130 3292 219 3336 tucen
241 3285 289 3333 the
310 3298 357 3334 sea
379 3284 409 3334 01
432 3284 507 3334 Azov
524 3285 577 3334 and
602 3282 648 3331 the
669 3286 734 3335 with
751 3287 798 3334 the
815 3286 857 3335 ab.
872 3285 943 3334 abs:
963 3284 1026 3334 ‘not
1046 3285 1115 3334 until
1136 3286 1179 3334 bis

130 3363 218 3412 Black
236 3361 295 3411 Sea.
332 3360 391 3410 The
408 3362 538 3410 omission
556 3361 585 3410 of
602 3360 648 3408 the
667 3363 748 3411 death
761 3377 814 3411 was
832 3362 993 3412 announced
1007 3376 1069 3423 was,
1083 3362 1144 3412 etc.'

130 3439 297 3502 proposition
318 3439 368 3500 (tu,
390 3437 449 3500 cd),
470 3439 492 3486 is
513 3437 648 3487 occasion-
698 3439 743 3486 24.
762 3429 964 3487 arbitraretur
989 3439 1011 3487 is
1040 3439 1103 3488 bere
1121 3453 1179 3500 pas-

129 3516 183 3578 ally
206 3514 292 3564 found
315 3515 343 3564 in
372 3529 450 3578 prose
470 3515 535 3563 with
559 3512 647 3563 Greek
666 3516 731 3576 sive,
745 3529 761 3563 a
773 3529 836 3576 very
850 3528 908 3564 rare
926 3527 973 3564 use
990 3515 1019 3563 of
1036 3515 1083 3564 the
1100 3515 1179 3577 depo·

129 3605 224 3641 names
236 3592 265 3640 01
278 3591 367 3654 places
380 3599 428 3640 not
441 3597 528 3641 towns
541 3592 570 3640 in
581 3605 632 3639 -ua
667 3599 740 3650 nent,
755 3597 803 3640 not
816 3597 843 3639 to
855 3591 887 3640 be
899 3591 963 3640 coni
967 3591 1029 3640 used
1042 3592 1107 3641 with
1120 3593 1179 3641 tbat

161 3668 265 3725 1218.
290 3669 374 3716 in..
395 3703 400 3715 .
421 3667 570 3729 posuit,
591 3665 646 3715 ‘at·
667 3668 747 3717 noted
760 3668 873 3728 0n§20.
885 3668 924 3715 22.
954 3667 1176 3728 igitur,asin1.,

128 3745 227 3795 tached
250 3759 281 3794 so
304 3745 385 3794 much
407 3745 574 3806 importante
597 3745 643 3793 to!
665 3744 751 3806 9.16;
773 3745 836 3792 here
859 3745 982 3806 carrying
999 3745 1045 3794 the
1061 3744 1179 3808 thought

129 3833 210 3883 quae
232 3823 427 3877 tenuerat,
450 3821 493 3869 bis
513 3821 645 3872 ancestral
665 3822 734 3872 back
746 3827 774 3869 to
785 3821 799 3884 ξ
811 3821 843 3870 30
854 3819 888 3870 ad
900 3820 945 3870 fin.
1096 3829 1099 3836 ’
