2954 4374
536 189 615 242 011.
637 187 725 252 asso,
750 187 873 254 11111.
1206 175 1270 244 als

170 360 216 428 M.
236 364 328 439 Cato,
360 362 419 448 qni
452 361 533 427 mihi
565 385 631 427 non
664 363 735 440 tibi,
767 363 826 428 sed
856 365 983 450 patriae
1015 372 1115 428 natus
1146 385 1218 431 esse

170 459 301 544 videris,
330 468 453 544 videre,
485 468 567 552 qnid
599 477 727 556 agatur,
760 470 903 534 retinere
933 468 1132 546 adiutorem,
1165 469 1219 535 de·

168 573 344 648 fensorem,
361 574 488 636 socium
506 574 539 635 in
558 597 591 637 re
609 573 752 658 publica,
770 574 943 638 consulem
961 595 1026 637 non
1046 573 1217 659 cupidum,
1241 591 1270 635 so

169 679 350 753 consulem,
367 677 459 762 quod
484 679 627 742 maxime
653 686 785 763 ternpus
811 677 873 742 hoc
897 678 1056 762 postulat,
1081 678 1218 744 fortuna

168 784 390 848 constitutum
406 781 449 846 a'd
464 782 722 867 amplexandum
745 783 861 857 otium,
878 783 1018 847 scientia
1033 782 1077 846 ad
1092 782 1217 848 bellurn

168 886 362 974 gerendum,
379 888 491 950 animo
507 895 542 951 et
557 909 631 962 usu,
648 885 691 950 ad
707 885 799 972 quod
816 886 899 951 velis
917 886 1099 973 negotium.

213 1008 346 1054 xxxix.
379 991 593 1076 Quamquam
625 991 765 1055 huiusce
797 992 843 1054 rei
872 999 1020 1075 potestas
1048 992 1155 1056 onmis
1182 993 1217 1056 in

169 1095 263 1160 vobis
279 1097 343 1159 sita
358 1103 419 1174 est,
436 1095 565 1160 iudices
577 1119 585 1172 ;
610 1103 715 1160 totam
738 1117 807 1160 rem
830 1095 997 1180 publicam
1016 1117 1074 1161 vos
1097 1097 1130 1160 in
1156 1095 1216 1162 hac

169 1221 269 1264 causa
291 1201 425 1274 tenetis,
443 1221 502 1264 vos
525 1199 732 1286 gubernatis.
780 1198 816 1262 Si
835 1199 870 1262 L.
889 1198 1038 1264 Catilina
1062 1221 1138 1264 oum
1155 1222 1217 1264 sno

168 1304 308 1368 oonsilio
329 1303 533 1368 nefariorum
558 1303 743 1380 hominum,
761 1324 845 1389 quos
872 1326 986 1368 secum
1009 1303 1138 1380 eduxit,
1156 1305 1216 1370 hac

169 1407 210 1472 de
233 1431 266 1472 re
288 1416 402 1494 posset
426 1407 585 1484 iudicare,
604 1406 842 1472 condemnaret
867 1408 903 1471 L.
922 1407 1109 1486 Murenam,
1126 1409 1155 1473 si
1172 1410 1219 1472 in·
1255 1426 1270 1471 t

169 1512 316 1577 terficere
333 1520 455 1598 posset,
472 1512 648 1577 0001116161.
701 1511 831 1577 Petunt
846 1513 934 1577 enim
952 1513 1098 1578 rationes
1114 1514 1216 1590 illius,

170 1625 210 1681 ut
224 1617 359 1681 orbetur
374 1617 502 1682 auxilio
519 1639 571 1682 res
585 1617 728 1702 publica,
742 1623 782 1681 ut
798 1618 970 1681 minuatur
985 1625 1102 1683 contra
1116 1640 1217 1684 suum

168 1721 316 1787 furorem
339 1723 576 1817 imperatorum
601 1723 705 1807 copia,
723 1730 762 1786 ut
786 1723 891 1785 maior
907 1721 1050 1786 facultas
1073 1722 1217 1788 tribunis

169 1826 275 1912 plebis
291 1827 391 1892 detur
407 1827 547 1913 depulso
563 1825 752 1892 adversario
770 1825 944 1892 seditionis
968 1847 1005 1890 ac
1029 1826 1214 1892 discordiae

169 1930 395 1998 concitandae.
451 1930 589 1996 idemne
628 1932 733 2017 igitur
763 1930 882 1995 delecti
918 1953 960 1995 611
999 1931 1213 2016 amplissimis
1240 1951 1270 1996 10

169 2035 341 2101 ordinibus
367 2036 593 2102 honestissimi
620 2043 722 2119 atque
747 2035 983 2119 sapientissimi
1007 2035 1069 2099 viri
1094 2035 1218 2100 iudica·

169 2139 264 2216 bunt,
290 2139 382 2226 quod
413 2140 470 2205 ille
501 2140 808 2225 importunissimus
835 2138 1002 2225 gladiator
1033 2139 1138 2203 hostis
1170 2141 1217 2204 rei

169 2244 322 2328 publicae
339 2244 526 2308 iudicaret?
573 2243 657 2308 Mihi
675 2242 810 2318 credite,
829 2242 967 2318 iudices,
985 2244 1018 2305 in
1037 2243 1098 2306 hac
1115 2265 1215 2308 causa
1228 2247 1269 2309 84

170 2370 236 2412 101
252 2349 361 2413 solnm
373 2348 414 2412 de
432 2348 469 2410 L.
490 2347 661 2423 Murenae,
676 2369 791 2412 verum
810 2348 910 2411 etiam
926 2347 967 2412 de
982 2355 1093 2412 vestra
1108 2349 1216 2413 salute

169 2454 371 2517 sententiam
394 2451 519 2517 feretis.
566 2452 607 2515 In
630 2451 808 2516 discrimen
834 2460 1022 2517 extremum
1045 2453 1216 2527 venimus3
1241 2471 1269 2516 11

170 2557 254 2620 nihil
270 2565 323 2622 est
346 2558 420 2632 iam,
438 2557 527 2621 unde
552 2579 612 2620 nos
637 2557 824 2622 reficiamus
843 2565 903 2621 ant
929 2557 985 2620 nbi
1014 2558 1097 2642 lapsi
1125 2559 1218 2622 resis-

170 2668 289 2726 tamus.
336 2661 412 2724 Non
436 2661 545 2724 solum
567 2660 749 2725 minuenda
771 2682 838 2724 non
865 2669 946 2726 sunt
970 2661 1106 2736 auxilia,
1130 2644 1216 2746 qnae

170 2763 339 2841 hahemus,
356 2764 415 2828 sed
440 2766 540 2828 etiam
567 2785 663 2838 nova,
687 2765 715 2828 si
743 2765 813 2829 fieri
841 2767 956 2850 possit,
982 2752 1216 2849 comparanda.¹

171 2867 288 2933 Hostis
305 2876 357 2934 est
373 2869 461 2934 enim
478 2891 543 2933 non
561 2868 651 2954 apud
671 2869 847 2948 Anienem,
865 2869 957 2955 quod
974 2869 1061 2934 bello
1086 2869 1216 2937 Punico

201 3117 247 3166 28.
264 3120 356 3166 natus
368 3130 451 3166 esse:
468 3118 533 3180 of.‘§
544 3119 583 3168 56.
598 3118 636 3167 29.
702 3117 783 3167 Mihi
819 3117 953 3168 credite:
988 3119 1217 3168 166011115.

202 3269 353 3320 Peroratio:
370 3270 475 3332 Appeal
488 3275 516 3320 to
528 3271 574 3320 the
586 3271 604 3321 J
607 3285 662 3332 ury.
735 3271 838 3322 16-19.
858 3271 914 3320 ubi
928 3295 953 3320 =
968 3273 996 3321 ta
1005 3285 1068 3333 quo,
1081 3271 1139 3334 J'oin
1150 3273 1217 3322 with

202 3350 263 3400 4-6.
282 3351 431 3400 consilio:
450 3365 493 3400 see
510 3365 546 3401 on
565 3351 586 3400 1.
599 3352 625 3399 2.
643 3353 679 3401 14.
702 3349 892 3406 resistamus,
906 3347 1012 3412 ‘regala
1029 3363 1079 3397 our
1090 3348 1231 3412 footing!¹

169 3425 315 3482 rationes,
329 3425 500 3486 ‘interests’;
517 3425 551 3475 cf.
566 3425 628 3487 §ii
640 3427 679 3475 39.
702 3424 786 3487 apud
815 3425 977 3481 Anienem,
1005 3433 1056 3474 etc.
1108 3425 1141 3474 In
1169 3427 1215 3474 211

201 3500 248 3559 10,
259 3501 305 3550 11.
322 3501 523 3565 amplissimis
568 3501 682 3551 ordini·
704 3501 842 3550 Hannibal
854 3501 923 3550 tried
936 3506 963 3549 10
973 3500 1046 3549 draw
1056 3501 1102 3550 the
1111 3502 1216 3552 Roman

169 3576 244 3626 bus:
261 3592 304 3628 see
316 3593 351 3628 on
364 3578 478 3636 iudices,
492 3578 506 3639 ξ
520 3579 541 3627 l.
557 3580 577 3627 1.
703 3592 777 3640 army
790 3579 859 3626 from
877 3578 923 3626 1116
940 3577 1012 3640 siege
1028 3577 1058 3627 oi
1075 3577 1169 3640 Capua
1180 3579 1215 3641 by

202 3655 266 3716 584.
285 3653 331 3702 1³.
349 3654 517 3702 iudicaret:
557 3668 593 3703 sc.
636 3656 681 3704 the
702 3669 718 3704 a
738 3655 841 3704 sudden
862 3655 956 3704 march
979 3655 1095 3704 towards
1119 3655 1213 3717 Rome,

169 3730 284 3782 omitted
306 3730 422 3794 protasis
444 3731 468 3779 st
493 3730 574 3780 iudea
602 3663 853 3796 6110111111110111,7
878 3743 908 3779 as
936 3729 979 3779 far
999 3743 1029 3780 as
1057 3731 1104 3782 the
1131 3731 1214 3800 Anio,
