2838 4380
260 339 325 404 436
548 391 550 396 .
607 351 680 400 rao
703 351 732 400 r.
758 348 1056 401 snsrroormrro.

311 545 379 610 quo
395 523 505 588 minus
521 543 695 607 exponam,
713 542 814 606 quam
830 521 938 585 multa
953 520 991 584 P.
1010 519 1153 598 Sestius,
1170 543 1252 586 curn
1278 529 1364 588 essct

310 648 386 693 cum
402 626 530 713 collega
545 647 628 702 meu,
645 625 796 701 senserit,
814 623 925 689 adme
942 623 1111 701 detulerit,
1129 633 1264 710 quanto
1290 635 1362 692 ante

310 731 503 818 providerit
549 731 667 815 Atque
686 751 749 816 ego
771 729 813 794 de
835 722 985 794 Antonio
1012 729 1096 793 nihil
1124 729 1201 795 dico
1229 740 1364 816 praeter

311 858 425 913 unum,
442 857 627 920 numquam
643 835 738 898 illum
761 835 820 898 illo
843 855 973 898 summo
997 835 1116 899 timore
1143 855 1180 899 ac
1210 837 1364 920 periculo

257 957 285 1002 61
308 942 454 1006 civitatis
483 962 592 1026 neque
620 961 831 1003 communem
862 947 990 1004 metum
1020 940 1169 1004 omnium
1202 961 1270 1005 nec
1298 964 1366 1027 pro

310 1045 415 1129 priam
431 1065 498 1107 non
515 1043 685 1106 nullorum
701 1040 741 1106 de
759 1043 831 1126 ipso
854 1042 1078 1126 suspicionem
1100 1048 1160 1106 aut
1181 1042 1365 1108 infitiando

203 1135 205 1140 ⁵
310 1149 427 1212 tollere
451 1157 511 1212 aut
532 1145 775 1211 dissimulando
799 1145 914 1211 sedare
935 1147 1092 1211 voluisse.
1138 1145 1179 1208 ln
1205 1169 1281 1232 quo
1307 1150 1366 1214 col·

310 1253 386 1338 lega
416 1250 612 1316 sustinendo
643 1259 745 1334 atque
778 1249 980 1314 moderando
1007 1251 1035 1314 si
1062 1271 1169 1314 meam
1199 1251 1236 1313 in
1268 1253 1366 1317 illum

311 1355 557 1442 indulgentiam
597 1355 809 1418 coniunctam
846 1375 922 1418 cum
952 1375 1082 1418 summa
1119 1354 1284 1420 custodia
1323 1359 1367 1422 rei

257 1476 286 1521 16
309 1460 461 1545 publicae
477 1458 611 1524 laudare
629 1481 705 1524 vere
722 1458 890 1535 solebatis,
907 1480 967 1543 par
990 1481 1091 1543 prope
1115 1459 1189 1522 laus
1215 1459 1259 1522 P.
1279 1461 1367 1528 Sesti

196 1584 209 1605 ·
312 1585 383 1630 esse
410 1563 519 1640 debet,
537 1565 595 1647 qui
623 1565 671 1627 ita
696 1585 796 1628 suurn
826 1563 1000 1628 consulem
1031 1562 1234 1640 observavit,
1263 1574 1310 1630 ut
1336 1577 1368 1631 et

310 1669 360 1733 illi
390 1675 549 1753 quaestor
578 1657 686 1733 bonus
718 1677 752 1732 ct-
782 1668 877 1734 bonis
908 1667 1062 1734 omnibus
1093 1669 1247 1753 optimus
1283 1672 1367 1737 civis

311 1772 491 1838 videretur.

266 1881 288 1943 9
354 1895 402 1941 1v.
435 1875 538 1952 Idem,
555 1879 631 1941 cuin
657 1877 715 1940 illa
742 1877 926 1941 coniuratio
954 1899 995 1942 cx
1023 1875 1159 1942 latebris
1186 1883 1301 1963 atque
1328 1903 1368 1946 ex

310 1980 453 2046 tenebris
471 1983 637 2066 erupisset
647 1981 830 2066 'palamque
846 1989 973 2046 armata
989 1982 1155 2058 volitaret,
1168 1983 1274 2048 venit
1290 2007 1369 2049 cum

310 2087 461 2152 exercitu
487 2085 648 2169 Capuam,
665 2107 766 2170 quam
791 2085 906 2150 urbem
930 2094 1067 2170 propter
1090 2086 1258 2171 plurimas
1285 2089 1369 2156 belli

310 2191 555 2276 oportunitates
570 2188 612 2253 ab
627 2190 687 2253 illa
703 2190 805 2275 impia
828 2198 862 2254 et
884 2191 1046 2255 scelerata
1071 2213 1172 2254 manu
1199 2197 1370 2279 temptari

271 2293 578 2379 5suspicabamur3
608 2293 645 2356 C.
671 2293 902 2371 Mevulanum,
921 2294 1095 2360 tribunum
1118 2296 1272 2362 militum
1298 2300 1372 2364 An-

309 2401 391 2474 toni,
410 2399 527 2484 Capua
555 2400 770 2483 praecipitem
804 2400 912 2476 eiecit,
930 2400 1103 2465 bominem
1130 2400 1311 2486 perditum
1337 2413 1372 2470 et

312 2526 379 2568 non
395 2503 534 2568 obscure
552 2503 684 2568 Pisauri
702 2511 736 2568 et
752 2505 786 2566 in
805 2505 880 2570 aliis
903 2506 975 2591 agri
1001 2504 1123 2570 Gallici
1147 2506 1308 2590 partibus
1334 2510 1370 2571 in

339 2742 453 2800 6162,
500 2754 592 2804 quam
629 2742 734 2799 multa,
770 2747 818 2793 not
871 2744 973 2794 4042,
1000 2755 1082 2800 vere,
1112 2741 1231 2806 ‘iustly,'
1268 2743 1319 2796 ‘as
1349 2747 1370 2796 it

308 2823 384 2881 quot,
396 2820 439 2868 for
447 2819 494 2868 the
505 2818 586 2867 latter
597 2824 698 2867 cannot
709 2820 741 2868 be
753 2820 817 2868 used
840 2819 986 2870 deserved.'
1013 2819 1161 2871 observ
1169 2819 1268 2878 avit,
1283 2821 1368 2884 ‘paid

308 2896 503 2958 substantively
514 2897 604 2958 owing
620 2901 649 2944 to
661 2896 696 2945 its
712 2895 773 2946 lack
790 2897 819 2946 of
841 2897 961 2960 respect!
1002 2896 1048 2944 ita
1069 2931 1075 2943 .
1095 2931 1101 2942 .
1120 2931 1125 2942 .
1144 2898 1193 2942 ut:
1226 2896 1258 2944 in
1290 2900 1370 2948 what

308 2987 367 3022 case
384 2973 437 3036 61111
461 2972 560 3034 gender
577 2972 703 3035 emlings3
726 2973 754 3022 in
771 2973 819 3022 1116
840 2971 939 3021 sense?
980 2973 1126 3032 quaestor
1153 2969 1269 3028 bonus,
1299 2980 1370 3023 etc:

307 3063 381 3098 same
394 3063 451 3110 way
464 3051 503 3097 tot
515 3053 615 3096 cannot
627 3049 659 3098 be
677 3050 741 3099 used
759 3050 819 3099 sub·
841 3046 1367 3111 66111611111661116611111111111116Ιὶ16.

307 3124 452 3186 stantivcly
473 3125 516 3173 lor
534 3127 589 3174 tam
612 3125 691 3175 multi
714 3139 744 3175 or
763 3129 820 3176 tam

307 3201 402 3250 multu.
436 3204 706 3250 cumessetcum:
724 3215 819 3251 aeeon
873 3199 927 3256 19.
952 3201 1014 3248 3-5,
1037 3199 1139 3249 belli
1195 3205 1369 3261 oportuni-

308 3277 358 3328 lV.
384 3277 429 3325 12.
451 3277 490 3326 20.
526 3289 598 3326 cum
623 3278 751 3340 collega,
776 3278 819 3327 ‘in
841 3281 938 3327 tates:
960 3279 1022 3328 how
1039 3278 1103 3327 does
1119 3277 1174 3326 this
1192 3290 1275 3340 agree
1295 3282 1369 3330 with

307 3355 355 3403 the
372 3356 473 3404 service
491 3354 522 3415 os
539 3368 584 3417 my
601 3355 755 3418 colleague,’
775 3369 821 3418 op
843 3356 888 3404 1116
905 3359 1051 3404 statement
1062 3354 1145 3404 about
1157 3353 1321 3416 Campania
1341 3361 1370 3408 in

308 3430 388 3493 posed
401 3436 430 3480 to
443 3431 479 3480 ad
492 3445 532 3480 me
545 3432 672 3481 detulerit
685 3431 778 3482 below.
843 3431 907 3481 Sull.
936 3430 982 3478 53.
1011 3431 1064 3480 111
1112 3429 1165 3479 For
1187 3428 1286 3492 Capua
1311 3436 1370 3485 and

338 3506 441 3564 38,39.
458 3508 664 3557 sustinendo.
680 3507 822 3557 ..mode-
843 3507 988 3570 gladiators
1010 3521 1054 3556 see
1076 3521 1111 3556 on
1134 3506 1172 3556 ΙΙ.
1195 3503 1225 3555 9.
1256 3509 1281 3558 2.
1338 3511 1370 3560 c.

306 3581 413 3639 raudo,
430 3585 573 3645 nietaplror
598 3585 669 3634 from
694 3583 820 3634 controll-
844 3584 1104 3641 Mevulanum,
1129 3582 1277 3635 otherwise
1318 3602 1372 3638 un-

308 3659 466 3720 inglrorses.
502 3660 823 3723 indulgentiamprob-
844 3662 953 3711 known.

307 3736 368 3798 ably
378 3751 394 3785 a
406 3737 543 3786 reference
555 3743 584 3786 16
596 3739 643 3786 1116
656 3739 782 3799 province
794 3737 823 3787 ol
888 3737 914 3786 7.
928 3737 1055 3794 Pisauri,
1067 3750 1102 3785 an
1115 3736 1271 3798 important
1284 3744 1370 3792 town

308 3812 480 3862 Macedonia:
496 3827 540 3862 see
550 3827 575 3874 p.
589 3815 629 3874 28,
644 3815 698 3875 §42
707 3815 760 3863 and
770 3815 819 3877 Ep.
846 3815 873 3863 in
891 3815 939 3864 the
959 3827 1024 3874 oper
1047 3813 1178 3871 Gallicus,
1202 3813 1248 3862 for
1271 3818 1371 3869 which

308 3889 414 3947 11161,
430 3895 502 3946 note.
845 3889 1061 3947 seeonII,5.2,
1097 3887 1187 3944 case?
