2876 4378
463 318 544 376 cnr.
570 321 656 386 raro,
680 319 693 382 t
716 321 803 374 resa.
1133 301 1198 375 tat

99 495 172 562 Cur
186 517 295 582 neque
318 504 395 562 ante
420 498 575 573 occurrit,
593 518 633 561 ne
658 497 714 560 ille
739 495 873 560 invilla
896 494 1067 567 resideret,
1085 517 1146 562 nec

97 624 138 666 eo
155 603 190 665 in
207 603 279 666 loeo
295 601 454 676 subsedit,
472 623 539 686 quo
557 602 612 666 ille
630 607 733 665 noctu
749 608 912 665 venturus
928 600 1040 666 esset?

144 704 253 770 Video
277 705 385 769 adhuc
407 713 571 781 constare,
588 704 726 779 iudices,
752 705 871 780 onmia,
897 704 1018 768 Miloni
1042 706 1142 769 etiarn
1159 707 1199 770 52

98 810 182 874 utile
200 809 304 874 fuisse
322 808 480 874 Clodium
495 811 620 885 vivere,
637 809 687 872 illi
704 808 746 872 ad
761 830 809 884 ea,
823 830 909 892 quae
922 810 1147 893 concupierat,
1170 823 1200 869 aa

97 915 346 999 optatissimum
361 914 536 979 interitum
562 913 716 988 Milonis3
740 912 855 976 odium
879 912 980 978 fuisse
997 913 1088 978 illius
1112 915 1146 976 in

98 1017 188 1082 hunc
215 1018 473 1094 acerbissimum,
506 1018 639 1082 nullum
669 1017 768 1081 huius
800 1018 836 1080 in
867 1017 986 1093 illum3
1010 1039 1147 1082 consue·

98 1121 251 1186 tudinem
278 1122 369 1185 illins
401 1129 596 1207 perpetuant
622 1123 656 1185 in
684 1122 718 1185 vi
742 1120 925 1198 inferenda,
951 1122 1051 1187 huius
1076 1130 1146 1186 tan-

97 1233 172 1288 tum
187 1227 222 1289 in
238 1225 447 1310 repellenda3
474 1234 614 1290 mortem
630 1225 746 1290 abillo
769 1225 1003 1290 denuntiatam
1027 1226 1146 1290 Miloni

97 1341 133 1396 et
148 1332 350 1417 praedictam
367 1333 486 1417 palam,
499 1332 585 1396 nihil
595 1353 755 1417 umquam
771 1331 928 1396 auditum
944 1354 986 1396 ex
1003 1331 1130 1396 Milone
1139 1356 1147 1407 ;
1171 1347 1201 1392 ao

97 1437 314 1522 profectionis
337 1437 439 1502 huius
462 1438 551 1503 diem
575 1439 625 1501 illi
648 1446 776 1513 notum,
800 1437 928 1502 reditus
952 1437 1044 1501 illius
1069 1437 1146 1501 huic

97 1543 253 1628 ignotum
283 1541 407 1617 fuiasc3
438 1542 539 1606 huius
571 1543 636 1606 iter
662 1543 897 1615 necessarium,
927 1542 1018 1605 illius
1043 1542 1146 1605 etiam

97 1648 211 1732 potius
235 1647 402 1722 alienum3
433 1647 523 1710 hunc
548 1667 624 1730 prae
648 1668 682 1710 sc
715 1646 833 1710 tulisse
865 1646 924 1709 illo
956 1644 1008 1710 die
1041 1647 1147 1711 Roma

97 1752 278 1826 exiturum,
296 1750 393 1814 illum
408 1772 447 1816 eo
463 1749 516 1814 die
532 1771 567 1814 se
585 1749 811 1814 dissimulasse
828 1749 1033 1824 rediturum3
1056 1749 1144 1814 hune

98 1854 227 1918 nullius
250 1854 298 1918 rei
322 1861 468 1919 mutasse
494 1854 681 1929 consilium,
707 1854 803 1916 illum
834 1874 969 1918 causam
996 1853 1149 1917 mutandi
1172 1869 1201 1914 aa

97 1958 229 2023 consilii
252 1957 408 2034 finxisse3
439 1958 528 2034 huic,
560 1958 589 2022 si
621 1957 845 2032 insidiaretur,
879 1965 1012 2022 noctem
1043 1978 1145 2042 prope

97 2061 213 2128 urbem
242 2061 496 2149 expectandam,
530 2062 590 2136 illi,
624 2062 754 2125 etiamsi
785 2061 875 2125 hunc
904 2081 971 2125 non
1003 2062 1146 2138 timeret,

96 2175 209 2232 tamen
231 2189 402 2234 accessum
425 2167 468 2231 ad
491 2165 608 2232 urbem
633 2175 838 2231 nocturnum
865 2165 969 2230 fuisse
998 2173 1148 2230 metuen-

97 2270 189 2334 dum.

142 2393 205 2438 xx.
231 2375 416 2441 Videamus
432 2395 522 2439 nunc
539 2374 582 2451 id,
601 2373 693 2459 quod
711 2383 815 2459 caput
838 2382 898 2450 est,
916 2375 1010 2438 locus
1033 2373 1076 2438 ad
1099 2376 1146 2437 in·
1162 2375 1201 2440 53

98 2479 200 2543 sidias
217 2479 273 2544 ille
296 2480 376 2564 ipse,
401 2478 458 2543 ubi
482 2480 653 2564 congressi
676 2487 767 2553 sunt,
792 2479 861 2542 utri
885 2477 1021 2543 tandem
1047 2477 1149 2542 fuerit

98 2584 216 2668 aptior.
263 2582 304 2646 Id
318 2603 407 2658 vcro,
425 2581 564 2657 iudices,
589 2583 690 2645 etiam
718 2581 940 2647 dubitandum
961 2590 996 2646 et
1019 2580 1148 2646 diutius

99 2685 316 2773 cogitandum
344 2694 406 2752 est.
453 2686 546 2750 Ante
578 2684 725 2748 fundum
756 2684 865 2761 Clodi,
891 2707 958 2769 quo
982 2687 1017 2748 in
1041 2685 1148 2750 fundo

132 2876 177 2935 22,
193 2876 238 2924 23.
262 2880 335 2926 ante
360 2877 504 2934 occurrit,
529 2879 617 2925 ‘meet
638 2875 716 2924 when
726 2876 790 2937 they
798 2881 861 2936 met,
872 2875 938 2923 Milo
946 2872 1041 2934 notltt
1049 2875 1088 2924 54.
1097 2876 1148 2934 55).

100 2957 157 3006 him
186 2955 296 3018 before,’
326 2970 355 3005 so
384 2970 413 3005 as
446 2960 475 3004 to
502 2960 616 3017 prevent
638 2951 801 3000 The-result
820 2951 849 3000 oi
867 2952 913 3000 the
934 2951 1002 3013 fight
1021 2951 1085 3000 does
1102 2957 1151 3001 not

102 3034 144 3082 his
164 3033 291 3094 reaching
307 3032 350 3081 his
369 3031 434 3080 villa
451 3036 479 3080 at
496 3030 540 3079 all.
576 3042 614 3079 eo
637 3029 789 3077 contradict
813 3029 868 3078 this
890 3029 1021 3077 assertion
1048 3029 1073 3088 (5
1096 3028 1148 3088 56),

99 3111 131 3156 in
148 3108 227 3164 loco,
245 3120 307 3169 quo
328 3106 374 3169 (=
385 3108 422 3158 cd
443 3105 537 3170 qaod),
557 3107 612 3167 i.e.,
637 3119 687 3153 nor
699 3105 721 3154 is
734 3104 825 3154 Milo’s
836 3105 953 3154 conduct
963 3104 989 3151 in
1004 3105 1150 3153 manumit-

100 3199 194 3233 nearer
207 3191 235 3232 to
247 3185 293 3232 the
311 3185 372 3246 city.
408 3184 492 3234 What
502 3184 525 3232 is
538 3183 614 3244 qao?
636 3182 696 3244 ting
714 3182 757 3230 his
777 3181 864 3230 slaves
884 3185 913 3230 to
933 3181 965 3230 be
986 3181 1068 3229 taken
1088 3195 1150 3229 asa

133 3262 197 3322 §52-
217 3259 318 3308 :ao-34.
335 3259 419 3318 nihil,
430 3261 484 3320 i.e.,
499 3259 615 3322 nothing
636 3258 790 3307 confession
802 3258 832 3306 oi
843 3257 993 3319 guilt-he
1005 3257 1049 3306 did
1064 3258 1085 3305 it
1101 3263 1150 3306 out

101 3338 129 3386 oi
146 3336 201 3386 this
217 3341 280 3384 sort.
317 3336 490 3384 exiturum:
508 3336 551 3384 ior
568 3336 614 3385 the
636 3334 666 3383 oi
682 3333 818 3396 gratitude
837 3334 874 3393 (ii
885 3333 924 3385 57.
939 3333 990 3392 58).
1026 3333 1084 3382 'l'he
1096 3333 1150 3382 evi-

101 3414 229 3462 omission
253 3412 282 3460 oi
299 3426 328 3461 ec
350 3413 386 3461 ci.
411 3411 478 3461 Sull.
503 3410 548 3461 39.
570 3411 615 3473 47;
636 3410 720 3460 dence
731 3410 761 3458 oi
777 3409 864 3460 slaves
876 3410 898 3458 is
912 3410 996 3458 worth
1014 3409 1063 3458 but
1080 3409 1149 3458 little

101 3490 164 3538 here
176 3489 198 3537 it
209 3502 271 3550 may
283 3489 316 3537 be
328 3488 443 3538 omitted
455 3502 491 3537 on
499 3493 615 3538 account
636 3492 665 3535 at
682 3487 748 3547 best,
767 3486 829 3535 that
845 3486 926 3548 given
945 3485 979 3548 by
996 3485 1042 3534 the
1063 3484 1150 3534 slaves

101 3566 130 3614 oi
145 3577 272 3627 praese,
284 3565 341 3626 just
353 3565 452 3614 before.
636 3563 665 3612 oi
692 3562 801 3612 Clodius
824 3567 952 3611 amounts
976 3567 1006 3611 to
1034 3561 1151 3625 nothing

133 3642 154 3691 Ι.
178 3641 228 3701 lb).
263 3641 323 3689 The
341 3641 557 3690 circumstances
577 3641 614 3690 ct
638 3636 678 3699 (ll
691 3639 732 3700 59,
745 3639 801 3698 60).

101 3719 147 3767 the
164 3718 218 3766 Act
230 3719 260 3779 ἐξ
272 3718 360 3767 53-60.
396 3718 455 3766 The
470 3717 614 3780 placewas

101 3793 237 3843 favorable
255 3794 298 3843 ior
316 3792 427 3843 Clodius
444 3793 509 3856 only
521 3791 545 3854 (d
557 3793 610 3853 53).
667 3789 739 3848 §aa
770 3789 832 3839 3-6,
862 3790 963 3848 ctiam,
989 3790 1087 3840 ‘stillz’
1111 3804 1148 3842 cr.

102 3867 211 3918 Clodius
225 3882 280 3919 was
292 3868 328 3918 all
340 3868 472 3932 prepared
479 3867 522 3918 ior
529 3867 613 3918 battle
636 3867 650 3929 ξ
667 3867 690 3916 3.
711 3868 740 3929 3;
765 3867 821 3916 this
837 3873 966 3917 sentence
983 3867 1005 3916 is
1027 3867 1148 3920 ironicas.
