2876 4378
253 307 318 380 582
514 321 585 378 rao
608 323 638 380 r.
663 323 785 380 nnnc
807 323 952 379 anona
975 324 1124 380 canno.

309 523 376 585 quo
403 499 480 565 die?
526 500 614 580 Quo,
630 508 671 565 ut
694 509 772 566 ante
801 501 884 578 dixi,
908 501 975 566 fuit
1004 501 1217 568 insanissima
1239 499 1353 566 contio

306 605 347 668 ab
363 605 467 689 ipsius
481 606 708 668 mercennario
725 605 859 669 tribuno
876 606 919 690 pl.
938 607 1122 680 concitata3
1146 627 1247 690 quem
1263 605 1353 669 diem

253 745 254 748 =
305 709 373 784 ille,
392 730 494 792 quarn
510 710 710 786 contionem,
728 732 812 793 quos
829 710 1000 785 clamores
1018 711 1084 773 nisi
1100 709 1142 773 ad
1166 711 1353 796 cogitatum

308 811 439 876 facinus
459 811 704 897 adproperaret‚
729 835 915 897 numquam
938 813 1140 896 reliquisset.
1188 813 1279 899 Ergo
1302 813 1354 875 illi

253 931 283 976 10
305 937 345 980 nc
363 937 462 980 causa
478 915 616 1000 quidem
632 917 773 993 itineris
791 917 892 981 etiam
915 938 1016 982 causa
1039 917 1206 994 manendi,
1231 916 1354 980 Miloni

305 1019 464 1084 manendi
481 1020 576 1082 nulla
592 1019 745 1096 facultas
763 1020 911 1085 exeundi
935 1042 1003 1084 non
1028 1041 1128 1085 causa
1151 1023 1270 1096 solum,
1294 1019 1355 1084 sed

307 1125 409 1188 etiarn
432 1124 612 1188 necessitas
630 1122 706 1187 fuit.
754 1124 857 1202 Quid,
874 1125 912 1200 si,
929 1125 1041 1188 utillo
1065 1126 1167 1190 scivit
1190 1125 1354 1189 Milonem

306 1227 377 1292 iore
393 1249 432 1293 eo
449 1227 502 1292 dic
519 1229 554 1291 in
570 1229 635 1303 via,
652 1229 700 1292 sic
718 1227 875 1292 Clodium
888 1228 973 1292 Milo
986 1251 1027 1293 ne
1040 1231 1203 1314 suspicari
1217 1229 1355 1314 quidem

252 1337 293 1398 46
307 1332 443 1418 potuit?
490 1331 643 1396 Primum
667 1353 800 1416 quaere,
827 1333 885 1416 qui
912 1332 948 1395 id
970 1335 1054 1398 scira
1078 1335 1236 1418 potuerit,
1261 1332 1356 1417 quod

254 1452 281 1496 15
305 1459 364 1501 vos
388 1436 477 1502 idem
505 1437 541 1500 in
570 1435 689 1500 Clodio
717 1457 876 1520 quaerere
901 1459 969 1500 non
994 1438 1145 1522 potestis.
1192 1422 1242 1502 'Ut
1263 1439 1356 1502 enim

306 1541 473 1606 neminem
488 1543 592 1605 alium
609 1541 674 1605 nisi
692 1541 730 1604 Τ.
749 1541 920 1617 Patinam,¹
929 1541 1228 1608 familiarissimum
1243 1565 1355 1619 suum,

308 1653 468 1731 rogasset,
491 1646 574 1710 scire
599 1646 712 1729 potuit
734 1646 794 1709 illo
818 1647 890 1730 ipso
915 1645 968 1710 die
993 1645 1127 1712 Lanuvi
1151 1670 1171 1710 a
1190 1647 1356 1712 dictatore

307 1749 434 1814 Milone
457 1749 554 1834 prodi
577 1747 746 1813 flaminem
770 1771 903 1814 necesse
936 1773 1018 1815 esse.
1066 1751 1134 1816 Sed
1164 1760 1260 1816 erant
1283 1774 1357 1837 per-

308 1854 407 1917 multi
429 1854 496 1930 alii,
526 1853 715 1938 exquibus
744 1853 779 1916 id
806 1853 966 1918 facillime
990 1856 1075 1920 scire
1098 1863 1221 1940 posset.
1267 1855 1356 1920 Milo

252 1973 282 2018 20
303 1957 345 2022 de
377 1957 477 2022 Clodi
514 1957 626 2022 reditu
665 1957 755 2022 unde
796 1959 988 2042 qnaesivit?
1046 1958 1237 2037 Quaesicrit
1272 1981 1355 2025 sane

305 2061 448 2146 (videte,
465 2061 549 2145 quid
566 2061 660 2125 vobis
673 2062 828 2148 largiar),
841 2084 977 2127 servum
989 2063 1100 2139 etiam,
1114 2072 1154 2127 ut
1164 2063 1206 2143 Q.
1221 2064 1355 2140 Arrius,

304 2187 399 2230 meus
415 2167 553 2241 amicus,
569 2164 667 2241 dixit,
686 2168 882 2250 corruperit.
908 2163 912 2170 ’
931 2167 1049 2253 Legite
1077 2168 1267 2232 testimonia
1291 2177 1357 2232 tes·

305 2272 390 2334 tium
403 2278 601 2335 vestrorum.
641 2269 743 2334 Dixit
755 2269 792 2334 O.
807 2269 988 2335 Causinius
1000 2270 1122 2335 Schola
1135 2273 1354 2347 Interamnae,

305 2375 584 2440 familiarissimus
602 2382 636 2438 et
651 2374 739 2438 idem
755 2396 864 2438 comes
882 2374 991 2450 Clodi,
1013 2375 1109 2438 cuius
1134 2376 1199 2438 ianr
1221 2374 1355 2458 pridem

251 2496 280 2540 25
304 2480 494 2544 testimonio
520 2478 659 2543 Clodius
684 2478 799 2543 eadem
830 2479 911 2542 hora
942 2479 1155 2544 Interamnae
1183 2479 1297 2544 fuerat
1320 2486 1356 2544 et

304 2585 438 2659 Romae,
470 2583 509 2646 P.
546 2583 704 2647 Clodium
735 2583 793 2647 illo
832 2582 885 2646 die
917 2584 952 2646 in
983 2582 1118 2647 Albano
1156 2603 1355 2646 mansurum

304 2687 419 2763 fuisse,
436 2686 495 2752 sed
511 2686 623 2752 subito
639 2688 670 2752 ci
687 2709 757 2752 esse
773 2687 968 2750 nuntiatum
985 2685 1111 2772 Cyrum
1130 2685 1354 2773 architectw

299 2808 1354 2856 ——ss—-ss-ss

332 2925 413 2975 9-13.
439 2925 675 2988 adproperaret:
700 2927 812 2976 sortire
867 2925 912 2974 24.
930 2923 1293 2986 culusiampridem,etc.
1328 2925 1354 2974 It

301 3003 443 3064 impertcct
466 3016 510 3052 see
533 3016 568 3051 on
592 3003 614 3052 Ι.
640 3002 685 3052 29.
707 3003 730 3052 3.
765 3003 812 3050 alc
836 3017 890 3052 was
912 3002 947 3064 by
970 3001 1093 3052 Schola's
1119 3002 1267 3062 testimony
1291 3002 1353 3050 that

301 3077 459 3127 Clodium:
472 3078 604 3138 scsore.
625 3114 631 3127 .
652 3115 658 3128 .
677 3081 731 3141 cio,
742 3079 813 3130 from
836 3078 947 3129 Clodius
970 3077 1025 3126 had
1048 3078 1118 3126 tried
1142 3082 1171 3126 to
1194 3089 1276 3139 prove
1310 3077 1353 3127 liis

302 3154 374 3204 what
385 3155 517 3217 precedes.
590 3159 593 3166 '
621 3170 624 3175 ·
836 3156 903 3205 olibi
928 3156 956 3204 in
977 3154 1025 3204 the
1045 3154 1123 3205 Bona
1140 3153 1199 3204 Dea
1215 3167 1289 3216 case3
1309 3168 1353 3204 see

333 3231 393 3292 546.
407 3230 508 3279 14-22.
527 3231 593 3292 qui:
605 3232 765 3282 forcasesee
776 3247 811 3281 on
835 3247 860 3294 p.
875 3233 915 3293 41,
930 3233 944 3293 ᾗ
961 3231 1001 3284 74.
1037 3230 1131 3280 Cicero
1149 3230 1233 3280 refers
1250 3235 1279 3279 to
1297 3231 1353 3279 this

300 3307 370 3356 Mur.
395 3306 440 3355 22.
458 3307 498 3356 41.
534 3309 591 3354 ut.
610 3342 616 3355 .
634 3343 639 3354 .
657 3310 812 3369 rogasset:
834 3309 975 3358 notorious
1003 3306 1113 3370 perjury
1137 3307 1202 3356 here
1225 3306 1350 3366 because,

299 3383 344 3433 ior
357 3383 406 3432 the
425 3383 515 3434 clause
534 3397 578 3433 see
599 3397 634 3434 on
655 3385 705 3446 Ep.
727 3384 812 3435 IV.2
834 3384 967 3447 although
980 3384 1014 3432 he
1026 3388 1135 3445 accepts
1151 3397 1167 3430 a
1184 3388 1245 3444 part
1262 3381 1293 3430 oi
1309 3383 1352 3431 his

299 3460 340 3509 29.
374 3459 560 3509 niaizforuse
569 3460 603 3509 cf.
615 3460 665 3511 IV.
677 3459 809 3522 23.a;11.
835 3461 981 3522 testimony
1007 3459 1145 3522 (Clodiam
1163 3496 1169 3507 .
1189 3494 1196 3507 .
1216 3493 1223 3507 .
1243 3471 1353 3507 monsu-

300 3535 346 3584 10.
365 3537 404 3597 15,
424 3534 606 3595 Quaesierit,
630 3537 811 3598 corruperit,
833 3537 999 3597 rumsuissa
1013 3535 1030 3585 1.
1045 3534 1097 3598 ⁴26),
1112 3536 1147 3584 lre
1159 3547 1253 3582 means
1261 3539 1291 3582 to
1301 3534 1353 3583 dis-

302 3611 446 3675 ‘Suppose,
468 3614 511 3662 ior
528 3612 563 3661 all
585 3612 598 3660 1
616 3626 686 3670 care,
699 3613 761 3661 that
777 3613 812 3662 lre
834 3614 919 3662 credit
927 3612 1043 3662 another
1049 3616 1111 3674 part
1120 3609 1179 3672 (sed
1186 3609 1275 3659 nitito
1292 3644 1299 3658 .
1318 3643 1349 3658 ..

299 3687 345 3738 did
356 3689 416 3750 ask,
426 3693 477 3737 etc.
486 3688 507 3737 τ’
520 3689 562 3737 for
572 3689 651 3738 mood
661 3702 705 3738 sec
714 3703 749 3737 on
759 3688 809 3739 IV.
835 3703 891 3738 esse
903 3691 1047 3750 mortuum,
1062 3687 1079 3736 l.
1093 3686 1145 3750 27).

298 3764 345 3814 21.
358 3766 396 3816 13.
431 3766 596 3824 senessia
614 3766 628 3826 ᾗ
647 3767 685 3814 12.
701 3764 738 3818 17.
775 3763 810 3824 Q.
866 3762 1111 3813 aerumnam:
1128 3758 1347 3824 fortheadj,et

299 3841 424 3891 Arrium
441 3856 485 3893 see
497 3856 534 3893 on
552 3841 602 3906 Ep.
615 3841 695 3893 XVI.
709 3841 736 3891 ἃ
755 3843 809 3892 102.
834 3841 885 3905 Ep.
899 3840 966 3890 XII.
981 3839 999 3889 l.
1013 3839 1037 3890 8.
