2924 4372
228 281 291 347 136
469 298 609 349 011110
633 298 673 349 m
696 295 908 347 CAT1L1NAM
931 294 1115 347 saccum.

279 468 313 532 di
323 469 386 554 ipsi
399 470 590 534 inmortales
603 477 727 556 cogant
737 469 779 534 ab
790 469 841 533 his
855 468 1125 553 praeclarissimis
1138 469 1323 534 virtutibus

226 587 257 633 ao
278 581 329 638 tot
344 580 380 638 et
395 581 489 638 tanta
504 575 588 639 vitia
603 574 776 659 superari?
1193 593 1196 599 ·

226 681 266 744 26
321 695 388 741 xn.
426 677 522 757 Quae
552 701 629 743 cum
660 679 708 742 ita
737 678 815 754 sint,
848 677 1009 756 Quirites,
1040 699 1110 754 vos,
1142 700 1242 763 quem
1280 677 1323 742 ad

277 781 413 846 modum
426 783 492 846 iam
507 790 606 847 antea
622 782 704 857 dixi,
717 790 830 847 vestra
846 789 934 846 tecta
950 782 1075 867 vigiliis
1092 780 1322 866 custodiisque

277 886 468 962 defendite3
492 886 585 963 mihi,
603 894 643 950 ut
658 885 731 950 urbi
750 888 821 951 sine
842 893 955 951 vestro
978 892 1071 950 motu
1095 908 1132 950 ac
1155 887 1227 950 sine
1252 886 1323 950 ullo

276 993 428 1056 tumultu
443 993 523 1056 satis
537 998 626 1056 esset
640 990 806 1076 praesidii,
820 991 1012 1055 consultum
1030 997 1131 1074 atque
1148 991 1322 1074 provisum

239 1109 254 1152 5
276 1104 337 1161 est.
383 1095 504 1160 Coloni
521 1117 636 1160 omnes
655 1095 909 1180 municipesque
928 1096 1031 1160 vestri
1054 1095 1247 1159 certioresa
1269 1117 1322 1160 me

276 1200 356 1264 facti
373 1200 413 1265 de
430 1200 491 1272 hac
508 1208 672 1264 nocturna
688 1200 885 1264 excursione
910 1199 1075 1264 Catilinae
1100 1198 1198 1262 facile
1223 1199 1321 1264 urbes

274 1325 351 1368 suas
379 1304 529 1389 finesque
561 1302 766 1379 defendent3
805 1303 1017 1389 gladiatores,
1049 1324 1151 1388 quam
1176 1302 1241 1367 sibi
1263 1304 1321 1368 ille

276 1429 411 1472 manum
441 1409 658 1473 certissimam
690 1407 761 1472 fore
794 1408 937 1491 putavit,
969 1407 1174 1492 quamquam
1210 1407 1322 1472 animo

275 1513 409 1577 meliore
433 1520 514 1576 sunt
536 1533 639 1596 quam
661 1533 736 1596 pars
761 1511 986 1596 patriciorum,
1013 1519 1180 1596 potestate
1209 1517 1321 1576 tamen

224 1630 252 1675 10
274 1625 388 1681 nostra
425 1616 697 1681 continebuntur.
744 1614 786 1693 Q.
819 1615 990 1691 Metellus
1023 1637 1124 1700 quem
1157 1636 1220 1701 ego
1258 1615 1335 1680 hoc-

274 1721 478 1806 prospiciens
503 1721 677 1806 inagnum
703 1718 872 1782 Gallicum
898 1718 1129 1803 Picenumque
1153 1720 1320 1803 praemisi,

274 1833 334 1890 aut
349 1825 515 1908 opprimet
530 1824 698 1888 hominem
723 1828 784 1885 aut
805 1823 876 1886 eius
903 1822 1010 1886 omnis
1034 1829 1144 1886 motus
1168 1830 1322 1887 conatus-

274 1951 339 2015 que
355 1928 553 2013 prohibebit.
601 1928 753 2012 Reliquis
771 1935 885 1992 autem
897 1926 939 1992 de
951 1927 1050 1992 rebus
1064 1927 1320 2006 constituendis,

273 2033 492 2109 maturandis,
509 2031 647 2118 agendis
667 2032 733 2095 iam
756 2030 798 2095 ad
821 2039 975 2096 senatum
1001 2031 1193 2109 referemus,
1219 2054 1320 2119 quem

185 2173 188 2178 >
223 2152 251 2196 15
272 2135 384 2199 vocari
403 2132 535 2197 videtis.

221 2242 261 2305 27
316 2237 416 2301 Nunc
432 2237 518 2314 illos,
543 2239 601 2323 qui
624 2239 659 2301 in
683 2237 763 2302 urbe
781 2244 1023 2315 remanserunt,
1042 2244 1143 2323 atque
1160 2237 1243 2302 adeo
1260 2241 1319 2324 qui

271 2450 337 2512 larly
348 2451 497 2513 postponed
515 2451 542 2500 in
556 2452 569 2511 §
585 2451 623 2499 15.
635 2452 674 2510 26,
689 2450 741 2499 and
755 2450 782 2499 in
837 2449 862 2498 5.
882 2450 993 2501 Coloni
1009 2487 1014 2498 .
1033 2487 1038 2499 .
1056 2487 1061 2499 .
1078 2453 1217 2509 vestri,
1235 2451 1320 2515 ‘your

272 2525 362 2587 1.,17.
379 2526 431 2575 132
463 2526 546 2575 What
563 2528 586 2575 is
602 2540 669 2588 your
680 2540 784 2575 answer
805 2525 1017 2577 sellun-citizens
1027 2528 1053 2576 iu
1062 2528 1108 2576 the
1118 2527 1244 2589 colonias,
1255 2528 1316 2578 etc’

271 2601 562 2664 toCice1·o’squest10n
575 2603 662 2652 here?
837 2602 861 2660 7,
873 2603 899 2652 Β.
917 2616 1009 2665 quam
1026 2602 1157 2664 putavit,
1171 2603 1318 2669 ‘although

302 2678 347 2727 29.
368 2678 408 2727 ab
430 2715 436 2726 .
456 2714 462 2726 .
482 2714 487 2726 .
507 2678 693 2727 virtutibus:
722 2681 782 2742 why
804 2679 847 2739 he,
866 2680 948 2729 etc.:'
972 2681 1020 2729 the
1043 2685 1154 2730 context
1176 2680 1251 2744 gives
1270 2683 1318 2731 the

271 2756 317 2804 the
328 2757 517 2818 preposition?
547 2757 595 2806 See
607 2771 641 2805 on
655 2756 743 2819 1.‚25.
757 2759 780 2806 8.
804 2757 958 2805 concessive
968 2757 1049 2807 force.
1085 2770 1278 2819 quamquam,
1288 2772 1318 2808 as

302 2832 419 2894 Explain
453 2846 514 2882 case
545 2834 574 2882 01
608 2833 726 2882 bellum
758 2837 780 2894 l,
805 2833 1318 2897 111112111101111010011011-

270 2908 435 2970 gladiatori
452 2910 476 2970 5,
489 2909 618 2957 tumulis
635 2911 658 2971 9,
677 2910 784 2972 inopia
805 2908 924 2968 thetical,
949 2910 1002 2958 and
1025 2924 1192 2972 quamquam
1221 2911 1243 2959 is
1270 2915 1318 2960 not

272 2987 310 3044 11,
332 2985 432 3042 rebus,
445 2985 558 3046 quibus
572 2987 610 3047 12,
621 2990 732 3036 senatu
743 2988 780 3047 13,
804 2985 961 3034 correlative
973 2986 1039 3036 with
1052 2990 1151 3047 tamen,
1167 2986 1183 3035 l.
1198 2987 1221 3036 9.

270 3060 495 3122 desperatione,
508 3062 645 3114 11011121.
836 3060 880 3108 11.
898 3060 1059 3119 Gallicum,
1082 3063 1244 3111 Picenum:
1273 3077 1316 3112 see

804 3151 839 3186 on
849 3138 863 3198 ξ
875 3137 898 3185 5.
912 3139 936 3198 3,
945 3139 999 3188 and
1010 3139 1088 3200 point
1097 3145 1145 3189 out
1154 3154 1189 3189 on
1200 3140 1266 3201 Map
1276 3139 1314 3189 II.

301 3214 366 3275 §td
385 3214 411 3272 1,
423 3215 449 3263 2.
468 3213 555 3274 Quae
573 3251 578 3263 .
596 3251 601 3263 .
619 3216 721 3265 seint:
739 3230 782 3265 see
835 3212 881 3269 14,
892 3212 938 3261 15.
955 3226 1047 3275 quem
1058 3215 1181 3263 vocari:
1193 3216 1240 3265 the
1257 3229 1317 3264 sen·

268 3291 409 3351 0n1.,20.
430 3292 467 3341 16.
503 3291 577 3350 dixi,
594 3306 610 3341 a
626 3293 678 3354 slip
690 3293 719 3343 01
736 3293 782 3342 the
804 3295 877 3338 ators
884 3303 952 3338 were
961 3291 1120 3340 summoned
1130 3296 1159 3340 to
1167 3292 1316 3354 important

269 3380 402 3429 memory;
423 3369 457 3417 he
477 3369 526 3418 has
544 3369 601 3417 said
619 3370 734 3431 nothing
753 3370 782 3418 01
805 3366 936 3427 maetings
953 3366 987 3428 by
1001 3380 1159 3428 praecones,
1175 3367 1313 3417 ‘heralds'

269 3442 315 3490 the
344 3447 407 3492 sort.
469 3442 582 3504 vigiliis
612 3443 781 3494 custodiis:
805 3440 1316 3505 1111110101.01110111111101-

267 3517 447 3568 distinction?
480 3520 530 3569 See
541 3533 576 3568 on
591 3520 622 3579 1.,
635 3519 661 3568 Β.
673 3521 711 3568 26.
803 3522 896 3583 arms),
914 3523 968 3571 and
991 3524 1037 3572 the
1059 3524 1153 3587 people
1170 3523 1248 3573 could
1271 3538 1315 3574 see

299 3592 325 3651 3,
334 3594 360 3642 4.
377 3593 464 3642 mihi:
482 3595 566 3644 case?
599 3595 641 3644 ef.
661 3597 693 3655 ei,
713 3596 726 3656 §
741 3596 777 3645 13.
803 3598 878 3647 these
889 3599 995 3648 heralds
1008 3600 1138 3663 hurrying
1149 3606 1178 3651 to
1191 3601 1243 3650 and
1262 3602 1312 3652 110.

267 3671 306 3719 20.
341 3671 527 3728 consultum,
547 3676 609 3731 etc,
636 3671 779 3722 ‘carebas
833 3675 896 3736 527.
917 3676 1030 3725 Threats
1047 3677 1100 3726 and
1116 3678 1250 3739 wernings
1273 3678 1315 3727 101

267 3746 335 3796 been
346 3747 430 3796 taken
447 3748 500 3797 and
518 3749 654 3810 provision
672 3749 776 3798 made:’
801 3751 847 3798 the
859 3753 1048 3812 conspirators.

267 3823 340 3874 what
352 3824 375 3873 ls
385 3825 433 3875 the
444 3825 571 3888 subJ‘ect?
833 3826 879 3884 16,
891 3827 936 3875 17.
953 3828 1032 3887 illos,
1041 3829 1146 3893 subject
1158 3830 1187 3878 01
1199 3833 1313 3880 accintus
