2924 4372
212 307 275 374 140
324 298 326 302 ’
354 351 356 355 -
461 317 602 372 oannro
625 317 667 374 nt
689 316 902 372 catrianam
925 315 1106 371 stennon.

259 497 428 546 Umbrenum
440 510 524 557 orare,
538 500 569 544 ut
581 495 622 544 sui
635 491 771 543 miserere·
794 493 881 543 Ceteri
893 493 962 542 nihil
975 491 1142 556 suspicantes
1157 492 1233 553 dant,
1244 491 1307 541 Cas·
1321 491 1336 536 2

257 579 314 622 tur:
331 572 399 620 nihil
412 577 469 620 tam
480 585 605 633 asperum
617 587 703 634 neque
715 577 771 620 tam
794 571 848 620 sius
860 575 944 620 semet
956 581 987 619 eo
1003 569 1076 618 brevi
1090 569 1233 617 venturum
1250 568 1307 630 pol-

257 648 364 702 diffieile
387 662 453 710 esse,
478 648 550 710 quod
572 662 627 697 non
656 649 771 710 cupidis-
793 646 889 695 licetur
910 660 941 695 ac
964 645 1045 708 paulo
1067 652 1131 693 ante
1154 644 1255 706 legatos
1273 658 1306 693 ex

257 739 333 780 sume
355 725 452 774 facturi
475 729 574 786 essent,
593 725 658 774 dum
678 738 710 773 ea
730 739 771 773 res
794 724 858 772 urbe
874 722 1059 784 proficiscitur.
1095 720 1227 770 Lentulus
1244 734 1306 769 cum
1322 723 1337 768 3

253 801 395 850 'civitatem
422 815 483 850 aere
514 800 604 850 alieno
636 799 768 850 liberaret.
792 800 831 848 eis
849 799 879 848 T.
899 798 1071 849 Volturcium
1089 797 1225 859 quendam
1243 796 1307 845 Cro·

228 884 242 928 5
258 877 307 927 Ille
324 893 369 928 eos
387 879 416 927 in
433 879 544 927 domum
562 877 595 926 D.
616 877 695 926 Bruti
714 891 771 940 per-
792 877 944 924 toniensem
967 874 1061 934 mittit,
1084 879 1114 922 ut
1138 873 1306 936 Allobroges,

257 955 340 1016 ducit,
360 955 431 1018 quod
455 955 515 1004 ioro
537 955 690 1016 propinqua
714 961 770 1002 erat
793 953 867 1014 prius
875 965 956 1013 quarn
964 951 1074 1000 domum
1084 956 1234 1012 pergerent,
1244 964 1307 999 cum

194 1089 197 1096 Ι
257 1045 343 1093 neque
359 1031 447 1080 aliena
464 1031 560 1081 consili
578 1036 687 1094 propter
698 1031 770 1080 Sem-
793 1029 910 1079 Catilina
932 1029 996 1077 data
1019 1033 1098 1089 atque
1122 1034 1232 1089 accepta
1255 1027 1306 1078 lide

257 1109 393 1170 proniam:
428 1121 491 1156 narn
520 1113 578 1156 tum
607 1107 708 1155 Brutus
736 1108 770 1156 ab
792 1105 1150 1154 societatemconlirmarent.
1171 1103 1336 1165 IpseVol·4

227 1184 344 1236 6Roma
384 1184 484 1232 aberat.
536 1185 680 1232 Praeterea
719 1183 770 1231 Ga·
793 1183 879 1230 turcio
901 1182 1004 1230 litteras
1024 1180 1058 1229 ad
1080 1180 1226 1229 Catilinam
1249 1180 1304 1241 dat,

257 1261 359 1309 binium
382 1261 501 1322 arcessit,
526 1274 579 1322 quo
601 1260 687 1308 maior
709 1273 771 1308 auc·
792 1271 904 1319 quarum
917 1256 1071 1318 exemplum
1086 1256 1157 1305 iuira
1175 1256 1305 1317 scriptum

256 1337 369 1385 toritas'
400 1337 516 1386 sermoni
562 1337 669 1384 inesset.
730 1335 770 1383 Eo
792 1340 845 1381 est:
865 1333 942 1392 “Qui
960 1333 1020 1392 sim,
1035 1346 1111 1382 exeo
1130 1345 1210 1394 quern
1228 1332 1260 1380 ad
1279 1337 1306 1380 te
1378 1331 1381 1336 '

256 1418 396 1475 praesente
425 1411 641 1461 coniurationem
672 1411 767 1472 aperit,
792 1411 853 1459 misi
871 1423 1023 1472 cognosces.
1050 1409 1124 1458 'Fac
1147 1409 1257 1470 cogites,
1276 1409 1334 1456 in5

256 1487 379 1538 nominat
397 1489 492 1549 socios,
511 1493 649 1550 praeterea
670 1487 769 1536 multos
792 1492 893 1548 quauta
916 1486 1069 1535 calamitate
1093 1486 1137 1546 sis,
1163 1490 1190 1533 et
1212 1485 1306 1552 merni-

256 1566 385 1627 cuiusque
415 1565 519 1626 generis
551 1564 685 1624 innoxios,
717 1578 769 1626 quo
792 1563 863 1612 neris
891 1568 917 1612 te
940 1563 1029 1610 virum
1055 1575 1124 1611 csse:
1153 1562 1305 1610 consideres

253 1642 347 1704 legatis
388 1642 495 1690 animus
535 1640 650 1703 amplior
689 1646 767 1690 esset.
791 1639 856 1701 quid
867 1645 929 1688 tuae
941 1639 1060 1688 rationes
1072 1638 1223 1700 postulent:
1240 1652 1306 1686 aux·

255 1717 360 1768 Deinde
372 1731 416 1766 eos
428 1717 563 1780 pollicitos
576 1731 683 1779 operam
693 1731 768 1766 snam
792 1716 869 1764 ilium
881 1722 956 1778 petas
971 1716 1005 1764 ab
1023 1715 1157 1777 omnibus,
1171 1715 1253 1764 etiam
1270 1715 1305 1764 ab

256 1794 366 1844 domum
380 1794 501 1844 dimittit.
792 1791 920 1841 infimis.’'
965 1791 1008 1841 Ad
1030 1792 1082 1840 hoc
1103 1791 1231 1840 mandata
1248 1791 1335 1840 ver-6

287 1869 332 1918 41.
350 1871 401 1920 Sed
425 1869 585 1933 Allobroges
607 1870 654 1920 diu
678 1871 705 1919 in
729 1870 769 1918 in·
791 1869 831 1918 bis
843 1868 902 1918 dat:
919 1882 980 1917 cum
998 1869 1033 1916 ab
1049 1873 1146 1916 senatu
1162 1867 1248 1917 hostis
1265 1868 1305 1917 iu·

255 1952 328 1997 certo
356 1946 482 2009 habuere,
512 1947 642 2009 quidnam
674 1940 768 1996 consili
790 1946 894 1994 dicatus
916 1945 960 2006 sit,
985 1958 1038 2006 quo
1061 1943 1174 1993 consilio
1194 1945 1304 1996 servitia

226 2029 393 2087 asaperent:
413 2024 441 2072 in
453 2023 538 2072 altera
556 2028 633 2086 parte
649 2029 706 2072 erat
723 2037 769 2073 aes
790 2019 936 2085 repudiet?
979 2020 1014 2069 In
1036 2021 1101 2070 urbe
1124 2025 1218 2082 parata
1246 2034 1303 2070 esse

254 2100 382 2162 alienum,
413 2101 534 2150 studium
570 2099 641 2161 belli,
671 2114 769 2164 magna
790 2113 859 2162 quae
882 2097 1002 2148 iusserit:
1025 2111 1058 2146 ne
1082 2102 1224 2147 cunctetur
1245 2087 1303 2161 ipse

254 2193 355 2228 merces
372 2179 399 2228 in
419 2192 466 2241 spe
483 2178 619 2238 victoriae,
638 2181 666 2226 at
683 2178 712 2226 in
732 2177 769 2227 al·
791 2177 900 2240 propius
917 2175 1050 2225 accedere.

253 2262 312 2306 tera
333 2257 448 2331 maiores
469 2270 542 2318 opes,
563 2259 624 2306 tuta
646 2256 766 2317 consilia,
821 2257 867 2306 4⁵.
885 2258 937 2308 His
954 2259 1033 2307 rebus
1051 2259 1089 2306 ita
1110 2259 1186 2318 actis,
1205 2257 1304 2306 consti-

253 2346 302 2395 pro
330 2335 433 2382 incerta
460 2348 508 2397 spe
536 2340 609 2385 certa
638 2335 764 2398 praemia.
790 2341 850 2385 tuta
877 2341 955 2385 nocte
984 2349 1037 2397 qua
1062 2335 1301 2398 proficiscerentur,

223 2417 239 2462 3
254 2409 329 2459 Haec
339 2409 576 2473 illisvolventibus,
586 2411 768 2460 tandemvicit
790 2411 884 2461 Cicero
901 2426 949 2473 per
960 2411 1061 2473 legatos
1078 2417 1176 2461 cuncta
1192 2410 1303 2461 edoctus

253 2486 364 2536 fortuna
387 2487 425 2536 rei
449 2487 580 2556 publicae.
617 2487 712 2549 Itaque
733 2487 764 2548 Q.
790 2489 819 2539 L.
855 2490 966 2541 Valerio
988 2490 1085 2540 Flacco
1104 2496 1131 2540 et
1154 2491 1183 2540 C.
1205 2491 1303 2552 Pomp

224 2562 337 2612 4Fabio
364 2563 477 2626 Sangae,
507 2564 582 2612 cuius
616 2564 767 2626 patrocinio
789 2567 847 2615 tino
875 2568 1043 2629 praetoribus
1071 2568 1193 2630 imperat,
1216 2559 1248 2616 ¹ut
1273 2568 1302 2616 in

253 2639 348 2688 civitas
370 2639 527 2702 plurumum
550 2640 685 2700 utebatur,
710 2654 766 2688 rem
789 2649 871 2704 ponte
895 2643 998 2693 Mulvio
1023 2657 1071 2706 per
1094 2644 1205 2694 insidias
1227 2643 1303 2692 Allo-

254 2728 370 2776 omnem,
380 2717 420 2765 uti
429 2722 619 2780 cognoverant,
631 2717 763 2778 aperiunt.
789 2720 900 2782 brogum
920 2721 1064 2770 comitatus
1086 2721 1302 2783 deprehendant;

223 2791 355 2854 bGicero,
374 2806 421 2855 per
438 2793 555 2856 Sangam
576 2793 688 2842 consilio
707 2807 767 2856 cog·
787 2811 845 2845 rem
866 2810 975 2846 omnem
997 2797 1092 2858 aperit,
1116 2797 1192 2846 cuius
1215 2797 1302 2859 gratia

253 2869 320 2930 nito,
334 2868 429 2932 legatis
441 2870 586 2931 praecepit,
600 2874 631 2918 ut
645 2870 765 2919 studium
788 2873 979 2936 mittebantur3
991 2878 1087 2930 cetera,
1099 2874 1139 2922 uti
1148 2875 1222 2923 facto
1233 2887 1301 2935 opus

253 2946 448 2995 coniurationis
483 2947 659 2995 veliementer
685 2947 766 2995 simu·
789 2950 832 3007 sit,
841 2950 977 3012 itaagant,
990 2951 1130 3011 permittit.
1151 2950 1331 3009 Illi,horni·2

252 3020 318 3082 lent,
342 3027 443 3072 ceteros
466 3022 574 3083 adeant,
599 3022 667 3071 bene
690 3023 766 3084 polli-
788 3039 835 3074 nes
853 3025 993 3086 militares,
1012 3027 1071 3075 sine
1090 3026 1209 3075 tumultu
1226 3040 1301 3088 prae·

253 3103 373 3158 ceantur,
393 3099 512 3160 dentque
530 3111 640 3160 operam
658 3099 698 3148 uti
721 3113 766 3150 eos
788 3102 863 3150 sidiis
872 3101 1027 3162 conlocatis,
1038 3103 1116 3151 sicuti
1126 3108 1300 3164 praeceptum

253 3188 334 3236 quam
359 3189 486 3225 maxume
509 3175 678 3224 manufestos
701 3175 766 3224 hab·
788 3183 853 3239 erat,
883 3177 986 3226 occulte
1017 3184 1128 3239 pontem
1161 3178 1298 3228 obsidunt.

788 3254 936 3316 Postquam
955 3254 989 3303 ad
1011 3253 1037 3303 id
1060 3253 1111 3304 loci
1134 3253 1215 3316 legati
1237 3242 1331 3304 cumb

787 3329 929 3380 Volturcio
938 3335 1070 3380 venerunt
1082 3335 1109 3380 et
1118 3330 1197 3380 simul
1206 3332 1301 3380 utrim-

284 3404 330 3452 44.
347 3404 398 3454 Sed
411 3404 570 3469 Allobroges
581 3420 613 3454 ex
622 3410 765 3468 praecepto
787 3420 838 3468 que
871 3405 971 3455 clamor
1007 3412 1117 3456 exortus
1148 3413 1197 3467 est,
1228 3407 1300 3456 Galli

253 3480 390 3531 Ciceronis
416 3496 464 3545 per
490 3481 638 3532 Gabinium
664 3488 765 3531 ceteros
787 3483 841 3532 cito
866 3483 975 3545 cognito
1001 3483 1114 3532 consilio
1142 3484 1200 3532 sine
1224 3497 1300 3533 mora

252 3559 430 3625 conveniunt3
454 3560 488 3609 ab
511 3558 628 3609 Lentulo
646 3559 765 3621 Cethego
787 3559 955 3621 praetoribus
978 3573 1006 3608 se
1028 3561 1147 3609 tradunt.
1190 3559 1330 3611 Voltur-4

252 3635 368 3697 Statilio,
383 3637 448 3686 item
466 3635 561 3686 Cassio
573 3636 712 3698 postulant
724 3637 765 3685 ius
788 3637 845 3685 cius
881 3637 968 3698 primo
1007 3637 1163 3686 cohortatus
1198 3643 1300 3687 ceteros

253 3712 406 3775 iurandum,
420 3712 492 3775 quod
504 3713 642 3775 signatum
654 3712 688 3762 ad
700 3713 766 3762 civis
788 3713 877 3774 gladio
906 3727 934 3762 ae
958 3726 975 3761 a
997 3713 1141 3762 multidine
1168 3713 1299 3775 defendit,

253 3789 402 3850 perierant:
424 3789 503 3838 aliter
524 3788 597 3838 baud
619 3788 699 3838 facile
721 3802 766 3837 eos
788 3789 885 3852 deinde
897 3789 943 3837 ubi
960 3803 976 3838 a
994 3789 1089 3852 legatis
1107 3791 1229 3840 desertus
1249 3796 1298 3851 est,

251 3866 406 3916 adtentum
418 3865 558 3930 negotium
566 3865 669 3928 impelli
678 3878 764 3928 posse.
789 3864 875 3914 multa
886 3864 960 3928 prius
980 3865 1117 3916 desoluto
1134 3880 1183 3918 sua
1203 3866 1306 3932 Pomp?
