2876 4378
222 293 285 370 556
485 307 557 366 reo
578 307 608 366 r.
635 308 754 368 mmo
778 308 923 366 mmm
947 307 1094 367 omno.
1165 323 1167 327 ·

274 510 335 554 sua
365 487 477 554 studia
507 509 586 574 erga
616 486 712 551 fortis
739 495 774 552 et
800 486 904 552 bonos
933 489 1026 560 civis,
1051 506 1137 574 quae
1162 487 1264 552 vultu
1290 493 1329 553 et

275 593 383 660 verbis
400 614 498 677 saepe
515 593 772 679 significassent,
791 616 825 657 re
843 602 878 657 et
899 593 1077 657 sententiis
1100 592 1326 668 declararent,

222 714 250 759 15
273 697 334 762 hoc
374 695 525 782 profecto
557 704 712 782 tempore
744 719 816 761 eam
853 704 1056 782 potestatem
1090 718 1222 761 omnem
1261 719 1327 761 vos

276 801 416 877 habetis,
441 807 482 865 ut
508 801 676 877 statuatis,
707 809 822 866 utrum
849 823 920 878 nos,
948 802 1008 886 qui
1033 822 1164 885 semper
1190 808 1326 866 vestrae

276 905 468 970 auctoritati
498 903 604 969 dediti
628 904 772 985 fuimus,
790 927 921 990 semper
944 906 1055 970 miseri
1079 906 1255 991 lugeamus
1279 927 1327 968 an

276 1008 334 1072 diu
361 1008 476 1074 vexati
503 1030 523 1072 a
550 996 784 1093 perditissimis
815 1009 945 1073 civibus
972 1008 1155 1094 aliquando
1178 1030 1238 1093 per
1262 1031 1327 1072 vos
1394 1073 1398 1080 ,

222 1123 250 1169 19
271 1133 308 1177 ac
340 1133 399 1196 per
425 1119 573 1177 vestram
599 1111 708 1189 iidem,
734 1115 895 1177 virtutem
918 1113 1185 1197 sapientiamque
1217 1133 1328 1178 reare

242 1220 378 1282 demur.
425 1216 519 1295 Quid
545 1217 635 1282 enim
659 1216 753 1281 nobis
782 1216 923 1291 duobus,
948 1217 1086 1292 iudices,
1111 1216 1326 1292 laboriosiuS,

273 1321 357 1405 quid
384 1322 489 1406 magis
511 1321 703 1396 sollicitum,
721 1322 827 1407 magis
853 1322 1042 1385 exercitum
1065 1322 1131 1386 dici
1155 1329 1215 1386 aut
1238 1321 1328 1407 fingi

274 1432 396 1510 potest,
429 1425 488 1509 qui
519 1447 577 1508 spe
609 1425 890 1508 amplissimorum
921 1427 1145 1508 praemiorum
1176 1423 1219 1488 ad
1252 1446 1328 1488 rem

272 1529 442 1614 publicam
466 1528 603 1596 adducti
629 1536 722 1592 metu
745 1528 1053 1594 crudelissimorum
1077 1530 1328 1614 suppliciorum

272 1654 382 1698 carere
413 1653 482 1696 non
513 1633 713 1716 possumus?
761 1631 926 1717 Equidem
952 1640 1079 1698 ceteras
1104 1639 1329 1716 tempestates

219 1753 248 1798 as
271 1744 305 1802 et
335 1736 496 1820 procellas
535 1737 570 1800 in
608 1737 675 1800 illis
714 1735 893 1800 dumtaxat
927 1734 1085 1801 fluctibus
1124 1737 1330 1800 contionum

203 1881 237 1917 ..
271 1861 403 1925 semper
417 1841 536 1925 putavi
559 1840 680 1904 Miloni
697 1861 769 1904 esse
790 1839 993 1914 subeundas,
1011 1842 1091 1923 quia
1114 1861 1247 1924 semper
1263 1863 1330 1925 pro

274 1945 369 2010 bonis
396 1951 513 2009 contra
538 1943 706 2029 improbos
733 1935 891 2020 senserat,
915 1944 950 2006 in
974 1942 1097 2008 iudicio
1124 1964 1203 2008 vero
1227 1951 1264 2008 et
1290 1945 1330 2008 in

271 2071 311 2115 eo
342 2049 491 2125 consilio,
523 2050 558 2112 in
589 2069 657 2132 quo
688 2070 729 2112 ex
761 2049 901 2113 cunctis
920 2047 1093 2112 ordinibus
1123 2048 1330 2133 amplissimi

272 2154 337 2220 viri
357 2153 553 2228 iudicarent,
571 2173 755 2236 numquam
778 2152 970 2216 existimavi
995 2174 1089 2236 spem
1116 2152 1219 2216 ullam
1248 2175 1329 2218 esse

218 2274 248 2320 3ο
269 2256 441 2322 habituros
469 2257 606 2320 Milonis
633 2257 783 2321 inimicos
809 2256 949 2321 adeius
976 2278 1043 2321 non
1061 2256 1159 2321 modo
1175 2257 1330 2321 salutem

272 2359 546 2445 extinguendam,
572 2359 631 2424 sed
662 2361 763 2424 etiarn
789 2361 943 2446 gloriam
957 2382 1018 2444 per
1046 2361 1131 2424 tales
1156 2361 1248 2424 viros
1276 2363 1332 2423 in-

241 2463 491 2549 6fringendam.
538 2463 751 2547 Quamquam
768 2466 803 2526 in
819 2464 880 2528 hae
893 2485 1003 2540 causa,
1018 2463 1156 2538 iudices,
1171 2465 1211 2526 T.
1226 2465 1330 2528 Anni

274 2568 448 2632 tribunatu
477 2566 644 2651 rebusque
676 2569 828 2633 omnibus
856 2591 915 2653 pro
946 2569 1055 2633 salute
1087 2569 1133 2632 rei
1165 2567 1329 2652 publicae

271 2673 376 2759 gestis
405 2670 447 2734 ad
475 2671 575 2734 huius
603 2673 750 2736 criminis
779 2672 1007 2737 defensionem
1037 2694 1104 2737 non
1132 2671 1330 2736 abutemur.

217 2791 246 2836 35
270 2777 345 2840 Nisi
379 2775 484 2838 oculis
517 2774 669 2839 videritis
700 2775 838 2840 insidias
867 2777 987 2840 Miloni
1010 2798 1029 2839 a
1054 2775 1173 2840 Clodio
1200 2774 1330 2851 lactas,

271 2902 333 2945 nec
359 2878 570 2963 deprecaturi
601 2900 727 2956 sumus,
753 2889 794 2943 ut
819 2880 945 2944 crimen
975 2880 1037 2944 hoc
1063 2879 1159 2943 nobis
1184 2887 1332 2964 propter

300 3153 345 3202 17.
364 3152 497 3203 dediti
523 3152 678 3210 fuimus,
697 3151 781 3203 ‘have
805 3153 946 3214 i.e.‚exlle.
969 3151 1050 3203 tales
1059 3152 1331 3210 viros,‘snehhon-

268 3230 336 3279 been
353 3228 532 3278 submissive.'
568 3229 659 3278 Milo's
680 3234 783 3292 respect
804 3229 894 3280 orable
916 3229 999 3290 mon,’
1021 3244 1037 3278 a
1059 3229 1188 3292 standing
1209 3231 1331 3292 compli-

267 3307 311 3355 for
336 3307 383 3355 the
412 3312 502 3354 courts
530 3319 585 3354 was
620 3307 714 3355 shown
749 3306 783 3367 by
804 3312 880 3355 ment
891 3307 935 3356 for
946 3306 1043 3368 jurors.

267 3384 310 3432 his
332 3384 496 3444 exhausting
518 3382 552 3430 all
577 3383 624 3430 the
646 3395 783 3444 praeesses
837 3384 891 3444 §d
910 3382 1013 3432 34-36,
1036 3381 1208 3439 abutamur,
1239 3377 1329 3432 ‘take

267 3461 296 3509 ot
318 3459 369 3508 law
394 3459 501 3522 against
527 3457 637 3507 Clodius
669 3457 723 3519 (see
747 3472 783 3507 on
805 3459 956 3522 advantage
965 3459 1012 3509 ot’
1044 3467 1103 3507 nec
1112 3458 1327 3519 deprecaturi,

267 3535 391 3586 Sest84.
403 3535 444 3596 11)
459 3535 548 3583 before
562 3535 641 3596 using
654 3535 780 3583 violence.
805 3541 854 3584 etc.
891 3535 985 3584 Cicero
998 3535 1128 3584 indicates
1140 3536 1217 3584 three
1235 3537 1327 3597 possi-

299 3613 313 3672 §
325 3613 348 3660 5.
368 3611 470 3660 20-31.
488 3610 580 3658 nobis
609 3609 660 3658 du
669 3611 716 3658 ob
725 3623 782 3659 us:
805 3611 847 3660 hle
860 3612 927 3661 lines
938 3613 967 3660 of
979 3613 1090 3662 defence
1100 3611 1143 3660 for
1152 3625 1167 3659 a
1177 3613 1326 3662 confessori

268 3688 361 3738 Cicero
373 3687 426 3736 and
442 3687 517 3735 Milo.
555 3687 607 3735 For
623 3688 670 3734 the
688 3693 783 3735 neuter
805 3689 952 3737 homicide:
975 3688 1012 3749 (1)
1037 3688 1076 3738 'lo
1097 3689 1187 3738 throw
1208 3687 1326 3739 himself

268 3763 365 3827 (Quid)
384 3764 449 3814 used
468 3765 497 3812 oi
518 3777 630 3825 persons
647 3763 682 3812 ef.
701 3764 780 3823 nihil,
805 3778 876 3825 upon
906 3766 953 3815 the
981 3779 1071 3827 marey
1098 3765 1127 3814 of
1160 3766 1208 3814 the
1233 3772 1325 3826 court,

266 3841 334 3892 Sest.
365 3840 431 3889 110.
461 3841 498 3891 19.
545 3839 780 3902 suppliciorum,
804 3839 932 3906 pleading
953 3842 996 3892 his
1015 3846 1078 3906 past
1100 3842 1324 3894 services-this
