2838 4380
227 275 292 344 424
590 289 795 342 nrrsronnn
818 289 1014 341 snnncrnn.

238 466 316 528 4et
339 462 594 527 constituendas
622 463 779 547 reliquias
811 472 940 527 nostras
970 462 1169 550 indigemus.
1216 460 1330 541 Nunc,

280 567 344 634 etsi
368 567 480 631 omnia
506 574 567 630 aut
590 568 715 652 scripta
740 588 810 632 esse
834 590 853 630 a
876 568 944 632 tuis
971 567 1114 632 arbitror
1139 576 1199 632 aut
1225 569 1332 633 etiam

279 672 408 737 nuntiis
423 693 461 736 ac
477 692 609 736 rumore
626 673 764 757 perlata,
782 680 893 737 tamen
910 693 948 737 ea
964 671 1106 737 scribam
1123 672 1226 748 brevi,
1240 694 1332 757 quae

279 785 314 842 te
332 784 415 863 puto
438 776 651 862 potissimum
675 798 717 840 ex
742 778 823 841 meis
850 776 972 842 litteris
1000 775 1088 842 velle
1116 797 1350 870 cognoscere„

227 897 256 943 30
278 881 334 946 Pr.
351 881 465 946 Nonas
483 878 629 946 Sextiles
646 880 858 967 Dyrrhachio
874 902 949 946 sum
972 879 1153 966 proiectus,
1170 882 1244 966 ipso
1269 880 1333 946 illo

282 987 345 1062 die,
363 1007 430 1072 quo
446 985 502 1050 lex
519 993 571 1050 est
586 984 656 1049 lata
671 984 713 1049 de
729 984 834 1049 nobis.
882 984 1103 1049 Brundisium
1119 985 1196 1049 veni
1220 983 1333 1049 Nonis

280 1089 484 1155 Sextilibus:
509 1089 555 1154 ibi
568 1088 650 1153 mihi
660 1087 817 1154 'Tulliola
828 1089 982 1159 meaiuit
997 1097 1129 1173 praesto
1145 1089 1250 1152 natali
1267 1111 1334 1154 suo

279 1195 352 1278 ipso
380 1193 444 1270 die,
464 1194 525 1278 qui
555 1215 635 1258 casu
666 1191 754 1257 idem
788 1193 907 1258 natalis
939 1201 1010 1258 erat
1036 1200 1071 1257 et
1101 1191 1333 1258 Brundisinae

280 1297 430 1363 coloniae
447 1305 481 1361 et
496 1305 574 1362 tuae
591 1297 720 1362 vicinae
739 1295 865 1360 Salutis
876 1286 886 1371 ;'
910 1318 995 1381 quae
1020 1318 1071 1362 res
1096 1295 1335 1362 animadversa

226 1416 255 1462 aa
278 1400 531 1466 amultitudine
547 1422 678 1465 summa
698 1399 980 1464 Brundisinorum
1003 1400 1227 1486 gratulatione
1245 1401 1335 1465 ocle-

279 1505 373 1570 brata
388 1514 449 1570 est.
496 1507 588 1570 Ante
612 1503 701 1569 diem
721 1521 771 1568 vl.
796 1503 877 1568 Idus
906 1502 1050 1569 Sextiles
1078 1505 1232 1591 cognovi,
1251 1526 1334 1570 cum

280 1608 453 1673 Brundisii
470 1630 587 1686 essem,
604 1609 725 1674 litteris
744 1607 865 1687 Quinti
882 1608 1021 1672 mirifico
1045 1607 1159 1674 studio
1175 1609 1334 1674 omnium

278 1721 428 1778 aetatum
459 1721 561 1798 atque
592 1713 758 1789 ordinum,
790 1713 979 1778 incredibili
1011 1734 1174 1778 concursu
1206 1712 1334 1780 Italiae

277 1819 386 1904 legem
403 1818 547 1881 comitiis
564 1817 760 1881 centuriatis
778 1839 849 1882 esse
866 1817 1037 1902 perlatam.
1084 1817 1167 1882 Inde
1183 1838 1203 1881 a
1219 1816 1336 1882 Brun-

224 1937 254 1982 40
276 1921 394 1986 disinis
421 1921 665 1986 honestissimis
693 1920 836 1986 decretis
864 1930 1002 1987 ornatus
1029 1923 1094 1986 iter
1120 1923 1168 1987 ita
1191 1921 1272 1999 feci,
1291 1931 1336 1988 ut

278 2025 429 2110 undique
455 2024 571 2089 adme
597 2046 674 2089 cum
703 2026 929 2112 gratulatione
959 2027 1064 2113 legati
1094 2027 1334 2092 convenerint.

236 2133 254 2196 5
278 2129 335 2193 Ad
352 2129 467 2194 urbem
483 2130 530 2193 ita
543 2129 630 2206 veni,
644 2138 683 2193 ut
698 2150 797 2193 nemo
812 2130 917 2194 ullius
934 2129 1060 2194 ordinis
1076 2130 1175 2194 homo
1191 2151 1336 2196 nomen-

277 2234 395 2299 clatori
410 2241 510 2298 notus
526 2233 639 2310 inerit,
658 2235 718 2318 qui
734 2233 814 2296 mihi
839 2234 970 2299 obviam
993 2256 1061 2298 non
1077 2235 1219 2312 venerit,
1237 2258 1337 2322 prae·

306 2512 411 2574 §429-
425 2513 638 2574 potissimum:
650 2513 693 2562 for
704 2519 790 2563 trans·
812 2517 841 2563 to
858 2514 964 2565 natalie
982 2515 1105 2566 coloniae
1123 2513 1199 2578 only:
1225 2529 1274 2566 see
1296 2532 1335 2568 on

273 2589 359 2640 lation
371 2589 406 2640 cf.
421 2589 486 2640 Sull.
501 2589 546 2638 93.
560 2591 602 2652 153
618 2589 666 2638 45.
678 2590 705 2651 53
717 2590 786 2639 Mur.
811 2592 841 2640 tn
853 2604 918 2654 quo,
932 2592 981 2655 Ep.
997 2592 1047 2642 IX.
1061 2591 1078 2642 l.
1092 2593 1116 2642 4.

274 2665 367 2716 75.15.
843 2665 945 2715 35-41.
960 2679 1080 2716 summa
1087 2681 1150 2731 goes
1157 2667 1225 2717 with
1232 2673 1336 2729 oratu·

304 2741 407 2792 30-34.
440 2755 510 2792 eum
532 2742 694 2806 protectus
721 2779 728 2792 .
752 2778 758 2791 .
781 2779 788 2792 .
811 2742 923 2794 lotione.
958 2756 1123 2802 concursu,
1143 2744 1332 2810 ‘getheringss

273 2818 313 2867 de
336 2818 443 2868 nobie:
469 2819 513 2869 for
532 2820 647 2869 number
669 2819 699 2869 ot
723 2821 787 2870 verb
810 2820 922 2870 because
934 2821 970 2871 all
982 2822 1077 2884 voting
1089 2820 1143 2871 had
1155 2826 1185 2871 to
1201 2821 1236 2871 be
1254 2823 1335 2874 done

272 2896 326 2944 and
344 2895 373 2944 of
390 2909 515 2958 pronoun
532 2897 566 2944 ci.
582 2897 630 2957 §L
645 2897 668 2946 3.
704 2895 786 2953 mihi.
808 2897 942 2946 atRome:
955 2911 998 2946 see
1005 2911 1030 2959 p.
1041 2897 1081 2958 61,
1091 2898 1105 2959 5
1117 2898 1156 2948 41.
1183 2898 1335 2949 comitiis

271 2972 405 3034 governeu
419 2973 453 3034 by
462 2973 509 3021 the
521 2973 675 3035 cornpound
685 2974 746 3023 idea
757 2974 786 3022 ci
808 2973 1000 3031 centuriatis,
1021 2987 1047 3036 p.
1060 2974 1101 3037 45,
1126 2974 1196 3036 §83:
1222 2974 1271 3024 ior
1296 2977 1334 3026 its

270 3046 334 3108 suit
349 3052 464 3109 praesto
489 3047 528 3109 (=
539 3048 657 3110 adsciti:
682 3064 726 3099 see
749 3051 783 3098 A.
807 3048 970 3113 description
994 3064 1038 3100 see
1064 3064 1090 3113 p.
1117 3051 1157 3112 59,
1182 3050 1241 3111 §30
1266 3051 1332 3103 foll.

273 3123 321 3178 227
335 3127 402 3176 note
422 3125 449 3186 23
478 3123 511 3174 G.
535 3125 584 3174 356
602 3123 681 3176 Rem.
696 3125 725 3185 73
750 3122 781 3175 Β.
807 3124 879 3174 iter:
902 3140 918 3175 a
940 3127 1055 3190 journey
1072 3127 1132 3178 that
1154 3127 1292 3190 occupied
1316 3144 1335 3180 a

266 3199 370 3252 ’187Π.
402 3200 528 3249 natalie.
543 3200 702 3256 ,coloniae
718 3199 783 3252 ‘the
808 3203 912 3263 montlr,
926 3204 1030 3267 though
1041 3205 1062 3253 it
1072 3203 1150 3254 could
1160 3203 1289 3255 bemade
1302 3207 1334 3256 in

271 3277 445 3338 anniversary
457 3277 487 3327 of
504 3277 550 3325 the
562 3277 687 3340 planting
698 3278 727 3328 oi
739 3279 784 3327 the
807 3277 858 3326 five
867 3278 944 3340 days:
953 3293 996 3328 see
1008 3280 1074 3329 Exc.
1088 3279 1124 3330 V.
1134 3280 1148 3344 ᾖ
1160 3280 1184 3330 3.
1219 3279 1334 3342 legati,

271 3350 366 3414 colony
378 3357 406 3401 at
418 3353 613 3414 Brundisium
625 3355 716 3404 inane.
752 3357 785 3403 et
809 3353 1016 3418 ‘deputations,’
1043 3355 1110 3405 with
1133 3355 1335 3418 compliment·

271 3460 276 3473 .
289 3460 295 3472 .
307 3461 312 3472 .
325 3424 452 3483 Salutis.
462 3425 524 3475 ‘and
533 3429 561 3476 of
570 3429 616 3476 the
623 3428 786 3492 buildingoi
807 3444 853 3492 ary
866 3431 1026 3481 resolutione
1036 3431 1105 3481 from
1118 3431 1152 3480 all
1163 3445 1229 3481 over
1241 3433 1332 3497 Italy.

270 3501 318 3550 the
327 3501 427 3564 temple
436 3504 464 3552 of
477 3503 569 3566 Saiety
580 3504 607 3552 in
617 3519 683 3566 your
692 3506 785 3568 neigh·
839 3507 883 3567 §a
897 3506 997 3564 424³.
1008 3519 1131 3556 nemo..
1141 3506 1271 3559 ¹horno:
1284 3525 1335 3562 see

270 3576 411 3628 borhood.’
455 3579 513 3629 The
533 3579 633 3642 temple
653 3581 682 3630 of
706 3581 784 3630 Salus
807 3597 842 3631 on
854 3583 920 3634 Sull.
939 3583 985 3632 25.
1004 3586 1043 3632 25.
1078 3583 1334 3636 nomenclatori:

272 3651 423 3714 (dedicated
435 3655 464 3704 in
476 3655 535 3718 303)
548 3671 602 3706 was
614 3670 649 3705 on
662 3657 708 3705 the
721 3656 785 3718 Qui·
806 3672 850 3708 see
865 3674 901 3708 on
919 3659 989 3708 Mur.
1010 3659 1055 3718 77,
1073 3660 1113 3709 33.
1156 3659 1242 3718 mihi,
1263 3677 1336 3726 gov-

270 3729 340 3779 rinal
352 3729 411 3792 hill,
425 3745 491 3781 near
502 3733 549 3780 the
564 3732 649 3782 house
666 3733 695 3782 oi
712 3733 785 3782 Atti·
806 3736 1152 3798 ernedbyobniomoeaerit
1162 3751 1273 3788 :seeon
1282 3741 1333 3802 54.

269 3818 326 3856 cus.
368 3818 448 3868 quae
473 3820 524 3858 ree
542 3808 626 3858 refers
645 3808 674 3858 oi
690 3821 784 3859 course
806 3811 846 3860 32.
