2924 4372
540 335 542 340 ·
576 328 770 380 excursus
792 330 815 380 1.
1184 315 1245 381 141

148 498 237 548 tinum
260 499 420 564 obtestatus,
442 502 514 565 quod
538 503 562 552 ei
582 509 664 553 notus
686 504 791 565 itinere,
808 503 841 554 de
858 504 964 565 litteris,
983 507 1120 568 postremo
1136 503 1201 567 quld

149 583 215 640 erat,
240 584 378 641 postremo
401 581 513 632 timidus
536 596 568 632 ac
591 583 663 632 vitae
685 585 733 628 aut
744 594 797 643 qua
809 581 842 630 de
851 593 933 630 causa
944 580 1039 630 consili
1051 580 1199 641 habuisset,

148 653 273 705 diffidens
285 655 358 706 velut
370 657 493 708 hostibus
512 673 569 708 sese
589 673 663 722 prae
686 656 773 718 primo
787 657 887 721 lingere
903 657 967 718 aila,
979 657 1150 707 dissimulare
1166 657 1200 707 de

148 731 251 782 toribus
263 733 346 784 dedit.
685 734 884 784 coniuratione:
897 740 967 797 post,
977 735 1023 784 ubi
1032 735 1083 785 lide
1093 735 1200 798 publica

178 805 225 855 46.
242 806 346 868 Quibus
363 809 441 858 rebus
458 810 589 860 coniectis
607 825 663 860 orn-
684 809 773 860 dicere
785 811 873 860 iussus
891 815 942 870 est,
956 812 1048 860 omnia
1067 812 1106 860 uti
1124 816 1199 874 gesta

147 883 194 932 nia
205 897 316 947 propere
328 886 496 947 pernuntios
505 887 610 938 consuli
619 888 663 937 de·
684 892 762 935 erant
784 887 879 949 aperit,
902 886 1034 950 docetque
1056 901 1084 936 se
1107 888 1199 950 paucis

117 958 291 1010 tolerantur.
327 961 365 1010 At
382 961 459 1011 illurn
483 963 578 1025 ingens
598 978 662 1013 cura
684 971 747 1012 ante
759 963 853 1013 diebus
865 977 881 1012 a
893 961 1012 1014 Gabinio
1023 971 1051 1013 et
1068 965 1198 1026 Caepario

147 1043 228 1099 atque
256 1037 360 1088 laetitia
381 1039 462 1088 simui
485 1053 661 1102 occupavere:
684 1041 787 1090 socium
815 1039 949 1090 adscitum
980 1040 1050 1091 nihil
1081 1041 1197 1104 amplius

146 1127 212 1162 nam
229 1112 381 1163 laetabatur
393 1115 553 1178 intellegens
570 1117 662 1166 coniu-
683 1117 751 1166 scire
767 1129 850 1178 qrrarn
863 1116 977 1179 legatum
997 1123 1104 1168 tantum
1117 1118 1198 1168 modo

146 1191 252 1240 ratione
261 1190 397 1252 patefacta
408 1193 548 1242 civitatem
559 1195 661 1256 pericu·
683 1191 777 1242 audire
789 1192 901 1242 solitum
912 1208 946 1243 ex
963 1193 1080 1243 Gabinio
1097 1195 1126 1243 P.
1142 1195 1198 1244 An·

146 1265 179 1315 iis
207 1273 326 1328 ereptam
359 1281 426 1329 esse,
456 1283 536 1331 porro
569 1277 660 1319 autem
684 1269 804 1317 tronium
839 1269 896 1318 Ser.
926 1268 1029 1319 Sullam
1067 1269 1097 1318 L.
1128 1269 1197 1320 Var-

146 1343 243 1392 anxins
260 1349 318 1392 eret
334 1344 469 1406 dubitans,
487 1346 514 1394 in
532 1359 661 1395 maxumo
683 1345 833 1406 gunteium,
847 1345 947 1395 multos
965 1353 1103 1409 praeterea
1121 1347 1146 1395 ln
1165 1360 1197 1394 ee

146 1418 245 1480 scelere
262 1420 347 1469 tantis
366 1421 470 1470 civibus
487 1421 661 1484 deprehensis
683 1421 869 1471 coniuratione
892 1436 958 1472 esse.
1003 1423 1104 1472 Eadem
1125 1419 1227 1472 Gellii

146 1495 211 1558 quid
233 1495 306 1546 facto
333 1510 402 1560 opus
429 1504 517 1547 esset:
545 1511 659 1560 poenam
684 1497 847 1547 latenturac
864 1497 1010 1548 Lentulum
1028 1499 1198 1548 dissimulan-

146 1571 253 1624 iliorum
281 1572 331 1622 sibi
359 1574 443 1632 oneri,
468 1573 660 1637 impunitatem
683 1579 738 1622 tem
750 1581 901 1637 coarguunt
912 1580 1019 1638 praeter
1030 1574 1133 1625 litteras
1144 1589 1197 1625 ser

118 1648 301 1710 perdundae
313 1650 351 1698 rei
366 1650 490 1712 publicae
502 1652 560 1701 fore
572 1652 661 1702 crede·
683 1650 817 1712 monibus,
835 1665 902 1713 quos
920 1650 964 1700 ille
987 1652 1085 1701 habere
1102 1652 1197 1702 solitus

116 1725 201 1774 3bat.
236 1725 324 1789 Igitur
334 1727 493 1778 confirmato
510 1729 603 1778 animo
616 1743 660 1779 vo·
682 1733 751 1776 erat:
774 1741 807 1776 ex
831 1727 906 1777 libris
928 1727 1067 1789 Sibyiilnis
1085 1742 1196 1791 regnum

145 1802 201 1852 cari
243 1802 276 1851 ad
312 1817 369 1852 sese
405 1803 479 1853 iubet
512 1804 660 1855 Lentulum
683 1803 784 1852 Romae
801 1804 887 1853 tribus
906 1803 1039 1853 Corneliis
1060 1805 1197 1866 portendi;

145 1879 297 1942 Cethegum
329 1879 468 1930 Statilium
501 1880 658 1943 Gabinium,
682 1879 800 1929 Cinnam
822 1885 902 1943 atque
930 1879 1032 1930 Sullam
1056 1887 1144 1941 antea,
1168 1895 1196 1930 se

145 1955 263 2018 itemque
291 1954 452 2018 Caeparium
486 1957 661 2007 Terracinen·
682 1957 792 2005 tertium
804 1970 870 2016 esse,
883 1957 926 2006 cui
942 1957 1029 2006 iatum
1041 1957 1111 2006 foret
1125 1957 1197 2007 urbis

145 2045 211 2093 sem,
240 2032 286 2095 qui
315 2033 343 2081 in
376 2032 505 2096 Apuliam
536 2034 570 2083 ad
598 2049 661 2085 con·
683 2033 776 2094 potiri;
794 2038 931 2096 praeterea
943 2033 977 2082 ab
991 2034 1101 2082 incenso
1119 2033 1197 2096 Capi-

146 2109 256 2158 citanda
268 2109 377 2158 servitia
394 2109 525 2172 proficisci
537 2110 658 2174 parabat.
683 2109 749 2157 tolio
759 2108 835 2158 illurn
848 2123 906 2158 esse
917 2110 1084 2171 vigesumum
1094 2123 1196 2159 nnnnm

114 2191 129 2235 4
146 2184 235 2234 Ceteri
252 2186 310 2234 siue
327 2199 401 2235 mora
418 2187 540 2248 veniunt,
560 2186 660 2251 Caepn·
683 2199 762 2247 quem
785 2199 864 2249 saepe
886 2200 920 2234 ex
947 2185 1076 2248 prodigiis
1104 2187 1197 2235 harus·

145 2263 211 2323 rius,
234 2261 317 2325 paulo
339 2267 402 2311 ante
424 2263 506 2312 domo
528 2277 658 2326 egressus,
683 2262 755 2323 pices
791 2262 991 2323 respondissent
1028 2262 1097 2310 bello
1124 2262 1196 2311 civili

145 2340 255 2402 cognito
264 2339 365 2388 indicio
374 2353 407 2388 ex
416 2339 481 2388 urbe
493 2340 658 2403 profugerat.
682 2344 824 2387 cruentum
851 2339 916 2388 lore.
965 2339 1051 2401 Igitur
1073 2339 1226 2400 perlectis3

145 2416 247 2466 Consul
273 2415 428 2477 Lentulum,
453 2417 524 2480 quod
552 2427 661 2480 praetor
684 2407 788 2471 litteris,
797 2429 858 2464 curn
873 2416 947 2478 prins
957 2429 1051 2464 omues
1063 2417 1140 2478 signa
1148 2429 1197 2466 sna
1216 2467 1219 2472 ,

144 2502 212 2558 erat,
231 2497 287 2560 ipse
307 2502 507 2548 manutenens
526 2497 658 2561 perducit,
683 2493 880 2554 cognovissent,
891 2492 1136 2552 senatusdecemlt,
1146 2492 1195 2552 nti,

144 2572 262 2636 reliquos
279 2587 339 2623 curn
357 2574 513 2624 custodibus
526 2575 553 2623 in
566 2575 659 2624 aedem
682 2569 807 2618 abdicato
848 2569 1017 2631 magistratu,
1065 2568 1196 2617 Lentulus

113 2649 129 2694 t
144 2648 311 2700 Concordiae
320 2650 411 2699 venire
422 2650 504 2699 iubet.
535 2650 661 2700 Eosena-
684 2647 801 2708 itemque
817 2646 898 2694 ceteri
916 2646 943 2693 ln
962 2644 1052 2694 liberis
1069 2645 1197 2694 custodiis

144 2731 203 2774 turn
225 2726 340 2776 advocat
362 2740 514 2790 magnaque
536 2727 661 2788 frequen·
682 2723 841 2772 habeantur.
888 2722 982 2784 Itaque
1011 2721 1142 2771 Lentulus
1165 2722 1194 2770 P.
1212 2728 1226 2770 4

144 2804 184 2852 tia
203 2803 261 2852 elus
280 2803 383 2852 ordinis
403 2803 576 2853 Volturcium
599 2816 660 2852 cunr
683 2800 800 2850 Lentulo
812 2799 959 2862 Spintheri,
971 2799 1017 2861 qui
1032 2804 1091 2847 tum
1103 2798 1196 2847 aedilis

144 2878 239 2941 legatls
263 2878 418 2939 introducit,
441 2879 566 2928 Flaccum
586 2893 661 2941 prae-
683 2883 748 2935 erat,
790 2875 926 2938 Cethegus
968 2875 1000 2936 Q.
1041 2875 1194 2932 Cornificio,

143 2960 231 3006 torem
248 2956 378 3005 scrinium
395 2969 456 3004 curn
477 2956 580 3014 litteris,
594 2969 661 3018 quas
682 2953 807 3003 Statilius
824 2953 854 3003 C.
869 2952 987 3009 Caesari,
1007 2952 1139 3000 Gabinius
1157 2949 1193 2999 nr.

144 3032 266 3096 elegatis
283 3037 430 3095 acceperat,
444 3031 538 3081 eodem
555 3032 660 3080 adferre
683 3029 787 3090 Crasso,
808 3029 954 3092 Caeparius
974 3028 1049 3087 (nam
1072 3029 1093 3077 is
1116 3027 1197 3090 paulo

146 3109 230 3160 iubet.
682 3112 745 3156 ante
763 3121 796 3156 ex
812 3107 879 3168 iuga
902 3110 1033 3154 retractus
1056 3105 1125 3166 erat)
1145 3105 1193 3153 Cn.

175 3184 222 3233 4⁷.
241 3183 399 3236 Volturcius
420 3185 602 3248 interrogatus
627 3184 659 3234 de
682 3183 810 3233 Terentio
822 3183 940 3232 senatori
953 3182 1105 3231 traduntur.
