2936 4376
486 311 567 362 car.
594 312 681 374 mn,
705 313 719 374 i
740 312 828 362 acea.
1171 301 1234 367 307

135 483 377 551 coniurationis
400 490 545 560 accuset,
568 502 669 568 quam
695 481 801 548 videri
828 484 1079 550 coniuratorum
1105 507 1181 570 poe-

136 609 213 654 nam
225 594 432 672 mortemque
445 587 570 674 lugere.
617 586 718 667 Quod
730 609 807 652 cum
819 589 847 654 is
861 587 1018 654 tribunus
1031 590 1076 674 pl.
1089 588 1181 668 iacit,

136 694 195 778 qui
212 712 300 757 unus
316 690 452 758 videtur
466 713 509 756 ex
531 691 598 756 illis
621 689 664 754 ad
686 690 852 778 lugendos
876 693 1067 759 coniuratos
1089 695 1182 760 relic·

136 805 201 872 tus,
219 797 344 861 nemini
369 794 489 858 mirum
513 802 583 870 est3
608 793 743 860 difficile
770 802 824 860 est
849 797 938 861 enim
967 804 1087 874 tacere,
1107 819 1183 863 cunr
1206 816 1236 862 ac

135 900 270 977 doleas3
295 908 339 976 te,
356 899 385 964 si
413 898 497 984 quid
523 899 596 964 eius
625 898 713 964 modi
741 898 834 976 facia,
858 921 925 965 non
953 900 1051 966 modo
1079 902 1180 968 talem

134 1003 393 1080 adulescentem,
419 1001 479 1068 sed
510 1003 544 1067 in
575 1023 616 1069 ea
642 1023 753 1080 eausa,
780 1004 816 1068 in
847 1025 915 1089 qna
946 1012 980 1070 te
1012 1005 1179 1072 vindicem

134 1109 373 1174 coniurationis
408 1108 492 1174 velis
534 1129 617 1184 esse,
648 1107 865 1174 vehementer
904 1107 1058 1173 admiror.
1116 1109 1234 1179 Sedsa

134 1213 341 1300 reprehendo
363 1221 476 1278 tamen
498 1211 586 1278 illud
608 1213 762 1290 maxime,
780 1213 871 1298 quod
894 1213 961 1278 isto
986 1215 1124 1301 ingenio
1146 1225 1182 1281 et

133 1318 314 1404 prudentia
329 1317 501 1403 praeditus
517 1339 651 1382 oausam
667 1318 715 1382 rei
732 1317 884 1403 publicae
909 1339 976 1382 non
1001 1326 1105 1396 tenes,
1122 1322 1181 1404 qui
1204 1337 1233 1383 aa

133 1422 291 1488 arbitrere
307 1422 396 1508 plebi
420 1423 588 1487 Romanae
612 1443 744 1486 reseas
769 1443 835 1486 non
861 1421 1002 1507 probari,
1018 1444 1104 1508 quas
1127 1445 1179 1490 me

133 1527 271 1592 oonsule
298 1547 413 1592 omnes
444 1525 521 1591 boni
553 1547 612 1610 pro
641 1526 752 1590 salute
783 1527 953 1590 communi
991 1536 1178 1612 gesserunt.

133 1649 184 1696 xa
216 1632 367 1717 Ecquem
394 1637 433 1695 tu
460 1630 589 1706 horum,
605 1631 665 1715 qui
693 1629 827 1706 adsunt,
851 1629 975 1715 quibus
1002 1639 1036 1696 te
1062 1640 1180 1698 contra

132 1736 280 1820 ipsorum
310 1735 520 1800 voluntatem
551 1732 759 1810 venditabas,
787 1741 849 1798 ant
877 1741 947 1798 tam
979 1735 1178 1800 sceleratum

131 1841 253 1904 statuis
277 1838 391 1915 fuisse,
408 1846 449 1902 ut
474 1838 555 1904 haee
582 1838 694 1904 omnia
721 1838 829 1924 perire
853 1839 1010 1914 voluerit,
1026 1848 1087 1905 aut
1109 1847 1177 1906 tam

132 1945 299 2019 miserum,
316 1949 357 2007 nt
370 1949 406 2007 et
419 1963 455 2007 se
472 1943 577 2027 perire
593 1951 732 2027 cuperet
753 1950 788 2008 et
810 1942 894 2006 nihil
918 1942 1065 2018 heberet,
1085 1944 1179 2029 quod

131 2096 173 2140 ter
189 2089 318 2140 deserved
339 2090 381 2139 his
398 2090 465 2151 fate,
486 2090 592 2140 instead
614 2090 643 2140 oi
697 2091 710 2154 5
728 2091 767 2140 32.
793 2089 894 2139 ³4³6.
913 2090 1018 2152 quod
1035 2127 1041 2139 .
1058 2127 1064 2139 .
1081 2127 1087 2140 .
1104 2104 1180 2142 non

131 2167 230 2230 calling
252 2167 295 2216 his
317 2167 460 2216 execution
484 2178 518 2215 an
542 2171 586 2215 act
614 2167 643 2216 oi
664 2170 761 2224 tenes,
778 2167 825 2216 the
843 2167 916 2217 third
934 2166 1079 2231 (political)
1103 2168 1180 2219 hiun-

132 2249 257 2306 tyranny.
302 2241 437 2293 alienum
459 2241 508 2300 ab,
533 2241 642 2292 ‘dama-
664 2244 719 2294 der.
753 2243 915 2306 ingenio
943 2247 976 2294 et
1005 2244 1179 2306 prudentia,

132 2321 197 2383 ging
208 2319 256 2369 to.'
666 2321 672 2344 ‘
683 2321 776 2382 ability
784 2321 838 2370 and
852 2320 1003 2384 learning3’
1023 2323 1069 2371 the
1079 2321 1180 2372 former

144 2396 209 2466 v28.
236 2396 263 2444 ia
291 2394 436 2444 tribunus
464 2395 504 2456 pl.
528 2395 643 2458 (=pte-
664 2397 786 2447 includes
813 2397 876 2461 only
899 2398 1007 2448 naturai
1033 2399 1108 2462 gitta,
1132 2401 1179 2449 the

131 2472 193 2535 tia).
229 2473 259 2523 L.
278 2471 441 2535 Calpurnius
464 2473 565 2533 Bestia,
585 2473 641 2522 said
664 2473 744 2523 latter
752 2475 908 2537 isacquired
917 2476 950 2538 hy
958 2475 1044 2525 eiiort.
1075 2479 1178 2526 tenen

131 2550 164 2612 by
175 2549 277 2600 Sallust
289 2553 317 2598 to
329 2549 398 2598 have
410 2549 478 2598 been
490 2563 542 2598 one
554 2551 584 2599 oi
595 2550 642 2598 the
664 2551 707 2600 ior
723 2552 852 2614 meaning
868 2552 903 2601 ci.
922 2549 974 2602 ΙΙΙ.
987 2551 1033 2601 16.
1047 2553 1089 2615 11;
1107 2554 1175 2603 Mur.

131 2627 322 2688 conspiratura,
336 2639 390 2674 was
402 2626 448 2674 the
460 2624 596 2688 colleagnc
613 2627 642 2675 oi
664 2627 708 2676 22.
720 2628 761 2678 49.
795 2626 959 2677 arbitrere:
977 2628 1077 2689 causal,
1088 2632 1135 2690 qut
1150 2651 1175 2678 =
1250 2623 1252 2628 ’

131 2701 257 2752 Metellus
276 2702 366 2765 Nepos
385 2700 422 2765 (p.
436 2703 477 2762 39,
491 2702 505 2762 t
521 2702 574 2763 69),
587 2703 640 2751 and
665 2719 724 2753 carru
747 2707 785 2754 tu.
820 2704 906 2765 plebi
931 2704 1107 2754 Romanae:
1136 2706 1178 2754 ior

131 2779 208 2828 aided
231 2778 289 2827 him
313 2779 340 2827 in
364 2778 407 2828 his
434 2778 541 2827 attacks
567 2793 640 2841 upon
663 2795 723 2830 case
735 2780 794 2841 (not
803 2780 896 2844 agent)
905 2795 950 2830 see
959 2781 1174 2842 above,§31.2i.

132 2855 234 2904 Cicero.
666 2859 707 2906 He
728 2858 811 2907 refers
834 2864 863 2906 ιο
884 2858 932 2906 the
953 2858 1057 2919 change
1079 2859 1107 2907 in
1131 2859 1177 2908 the

163 2929 264 2980 30-33.
282 2943 367 2980 eum
392 2930 516 2980 doleas:
544 2931 639 2981 ‘when
664 2933 764 2996 feeling
781 2935 810 2982 oi
828 2933 874 2982 the
891 2934 972 2984 lower
989 2933 1086 2983 classes
1099 2935 1175 2984 when

131 3023 184 3070 you
198 3009 301 3071 i:any
312 3006 376 3070 one)
388 3021 433 3056 are
446 3009 475 3056 in
486 3009 579 3070 pain:'
599 3010 642 3058 for
665 3012 728 3073 they
747 3024 814 3059 were
836 3010 893 3058 told
917 3010 977 3058 that
995 3009 1115 3060 Catilina
1138 3013 1177 3059 in-

131 3087 177 3135 the
189 3086 278 3145 moed,
292 3085 382 3134 which
395 3086 417 3134 is
430 3090 478 3134 not
491 3084 640 3135 influenced
664 3087 762 3136 tended
781 3093 810 3136 ιο
832 3086 901 3136 burn
925 3087 972 3136 the
992 3087 1054 3148 city.
1091 3087 1120 3136 P.
1134 3088 1174 3146 35,

131 3163 164 3224 by
189 3177 258 3222 curta,
281 3176 325 3211 see
347 3175 382 3210 on
407 3162 476 3210 Mur,
502 3162 528 3209 7.
550 3163 594 3224 31;
610 3162 644 3211 te
664 3164 727 3224 §60
748 3163 782 3212 ad
803 3162 848 3212 fin.
884 3163 937 3212 For
954 3163 1000 3212 the
1018 3163 1090 3212 word
1104 3164 1177 3224 plebi

132 3238 171 3300 (=
184 3236 362 3299 Torquatum)
386 3251 471 3287 seems
494 3244 523 3287 ιο
546 3252 577 3288 us
595 3253 642 3287 rin·
664 3253 708 3289 aee
720 3255 746 3303 p.
760 3242 800 3303 57,
813 3241 827 3302 t
838 3242 877 3290 21.

130 3313 280 3377 pleasantly
293 3328 359 3363 near
375 3314 423 3363 the
441 3314 524 3364 indes.
543 3316 641 3364 second

130 3405 227 3453 person
239 3392 267 3439 in
276 3390 379 3440 doleas.
413 3390 509 3440 talem
521 3389 642 3440 adules-
695 3392 721 3449 3,
730 3392 756 3440 4.
774 3391 852 3441 haec
864 3393 974 3450 omnia.
984 3407 1013 3442 as
1026 3394 1054 3442 in
1068 3393 1117 3444 IV.
1129 3393 1175 3443 le.

131 3470 271 3516 centem:
293 3481 337 3516 see
354 3480 390 3515 on
410 3465 422 3524 i
440 3467 479 3516 30.
503 3467 541 3515 14.
576 3466 642 3515 vin-
666 3471 707 3526 123
730 3469 755 3516 7.
778 3469 806 3531 2;
835 3469 856 3518 Ι.
882 3468 927 3517 21.
950 3470 989 3518 42.
1032 3469 1176 3526 voluerit,

131 3544 241 3601 dicem.
261 3543 268 3568 ‘
277 3544 426 3607 punisher,’
441 3544 488 3592 the
503 3544 574 3593 word
593 3545 642 3593 has
664 3547 800 3606 cuperet,
811 3543 953 3593 haberet:
972 3545 1061 3594 notice
1073 3546 1176 3608 change

130 3621 207 3670 oiten
219 3621 267 3670 the
283 3620 413 3684 precisely
425 3622 548 3684 opposite
565 3633 642 3670 sense
664 3623 692 3670 in
702 3634 833 3683 sequence
842 3621 872 3669 oi
882 3622 959 3670 these
968 3621 1078 3684 parallel
1089 3623 1174 3672 verbs.

131 3697 530 3761 oi‘protector,’‘champion.’
555 3697 641 3754 veiis,
664 3698 696 3746 In
720 3698 891 3746 consecutive
915 3697 1019 3747 clauses
1047 3699 1093 3748 tite
1118 3713 1176 3761 pcr-

131 3775 200 3838 anbj.
215 3776 244 3824 oi
260 3775 473 3837 characteristic3
492 3775 534 3823 ior
551 3788 642 3824 mean·
664 3775 718 3823 tect
738 3773 808 3835 subj,
827 3773 940 3823 denotes
962 3787 978 3822 a
996 3781 1174 3836 momentary,

130 3851 252 3926 inghere
264 3865 307 3902 see
319 3865 354 3902 oo
367 3849 511 3912 imae.
665 3851 711 3908 the
724 3850 1052 3923 imperiectacontinued
1064 3853 1163 3911 action,
