2936 4376
224 291 286 366 196
561 308 630 362 rao
653 309 683 360 r.
706 306 829 362 sunan
851 306 1000 361 canno

219 531 222 538 ,
274 483 389 546 liarem
411 482 444 544 in
470 478 709 555 adulescentia,
727 479 889 566 collegam
916 479 949 541 in
975 480 1167 563 quaestura
1183 491 1321 544 comma

273 585 423 650 morabat
454 583 577 658 luisse3
613 584 719 647 multa
750 603 822 648 mea
853 585 888 646 in
918 604 963 658 se,
995 604 1063 647 non
1094 583 1187 646 nulla
1218 583 1320 648 etiam

273 711 334 754 sua
362 689 396 752 in
424 710 475 753 me
507 686 698 773 proferebat
724 687 840 751 officia.
888 685 1022 766 Quibus
1048 709 1110 773 ego
1139 685 1245 762 rebus,
1273 687 1320 751 iu·

273 792 372 869 dices,
389 794 438 856 ita
465 791 621 857 flectebar
647 792 757 856 animo
785 798 887 876 atque
916 791 1102 878 frangebar,
1119 798 1160 878 ut
1184 791 1250 855 iam
1277 813 1319 858 ex

223 913 251 958 10
273 897 440 972 memoria,
467 917 550 980 quas
580 894 661 958 mihi
687 895 756 980 ipse
783 894 909 960 lecerat
934 894 1083 972 insidias,
1108 895 1318 982 deponerem,

273 1001 393 1064 utiam
416 1001 591 1064 inmissum
617 1020 687 1064 csse
715 999 757 1062 ab
781 1020 821 1064 eo
846 999 884 1063 C.
902 999 1106 1073 Cornelium,
1123 983 1183 1084 qui
1208 1000 1318 1066 mein

233 1133 238 1142 r
273 1105 355 1169 meis
380 1103 526 1178 sedibus,
545 1105 580 1166 iu
607 1110 789 1187 conspectu
818 1103 932 1168 uxoris
961 1123 998 1168 ac
1026 1103 1207 1168 liberorum
1234 1125 1319 1168 meo·

273 1229 348 1271 rum
380 1207 573 1283 trucidaret,
606 1205 827 1272 obliviscerer.
890 1206 985 1287 Quae
1016 1209 1045 1272 si
1086 1206 1127 1272 de
1159 1229 1226 1272 uno
1266 1230 1318 1273 me

272 1312 464 1398 cogitasset,
490 1333 557 1396 qua
590 1310 732 1375 mollitia
759 1332 834 1375 sum
861 1312 964 1374 animi
988 1333 1026 1376 ac
1051 1312 1200 1388 lenitate,
1226 1315 1319 1376 num·

222 1432 250 1478 15
280 1437 381 1501 quam
397 1415 586 1480 mehercule
600 1415 690 1479 illius
707 1401 851 1506 lacrimis
868 1437 906 1480 ac
924 1416 1077 1501 precibus
1100 1417 1317 1492 restitissem3

221 1525 257 1586 19
272 1519 332 1584 sed
363 1541 440 1584 cum
472 1519 552 1582 mihi
585 1520 721 1603 patriae,
753 1540 831 1582 cum
863 1527 1050 1584 vestrorum
1082 1519 1317 1604 periculorum,

234 1679 237 1687 .
271 1645 348 1690 cum
370 1623 470 1688 huius
494 1623 595 1699 urbis,
612 1645 690 1688 cum
711 1623 846 1687 illorum
869 1622 1086 1688 delubrorum
1109 1632 1211 1708 atque
1238 1632 1318 1689 tem-

270 1728 413 1813 plorum,
444 1748 522 1792 cum
553 1748 732 1811 puerorum
765 1726 957 1804 infantium,
986 1749 1063 1792 cum
1091 1737 1317 1797 matronarum

232 1850 241 1874 ³¹
270 1833 308 1896 ac
326 1833 495 1918 virginum
513 1831 669 1896 veniebat
685 1832 719 1894 in
737 1839 893 1906 mentem,
910 1839 945 1896 et
969 1853 1046 1896 cum
1072 1832 1148 1896 illae
1176 1830 1317 1899 infestae

218 1949 248 1996 ao
277 1957 314 2001 ac
331 1935 483 2001 funestae
497 1935 586 2001 laces
601 1936 864 2019 universumque
883 1936 987 2000 totius
1005 1933 1096 1999 urbis
1114 1935 1316 2013 incendium,

269 2062 344 2106 cum
357 2042 432 2117 tela,
441 2063 516 2106 cum
528 2041 656 2115 caedes,
665 2062 743 2105 cum
754 2040 997 2120 civiumpruor,
1007 2065 1084 2107 cum
1095 2044 1178 2108 cinis
1190 2042 1315 2127 patriae

270 2147 392 2211 versari
418 2154 496 2211 ante
525 2146 638 2211 oculos
666 2151 767 2229 atque
794 2144 941 2209 animum
974 2147 1131 2212 memoria
1162 2146 1316 2212 refricare

300 2316 360 2367 6-9.
378 2307 646 2380 quaesturs:see‘p.
658 2318 696 2377 18,
705 2313 731 2373 §i
741 2317 780 2379 16,
804 2316 833 2365 oi
850 2317 896 2367 the
910 2319 1027 2369 ablativa
1041 2321 1071 2370 of
1087 2319 1192 2382 quality
1203 2332 1243 2368 we
1261 2317 1317 2368 lind

268 2394 306 2446 17.
359 2393 634 2452 commemorabat,
666 2393 715 2442 ‘he
743 2407 782 2442 re·
803 2405 853 2454 pro
871 2395 988 2445 mollitiei
1007 2397 1122 2446 without
1139 2410 1156 2445 a
1174 2395 1247 2458 verb,
1262 2395 1316 2444 and

267 2470 403 2530 counted,’
434 2477 482 2520 not
512 2469 726 2520 ‘remembercd'
751 2483 782 2518 or
804 2482 875 2529 quoe
887 2475 927 2520 cst
939 2471 1064 2522 mollitia.

269 2547 421 2596 ‘reminded
434 2561 477 2596 me
489 2546 544 2596 oi:’
564 2559 607 2596 see
619 2560 654 2595 cn
668 2545 703 2595 Il.
718 2545 744 2594 9.
756 2547 779 2594 5.
835 2546 848 2606 ἓ
861 2548 899 2596 19.
919 2547 964 2596 16.
982 2560 1061 2606 oum,
1074 2553 1124 2598 etc.
1137 2601 1140 2606 ,
1161 2548 1219 2598 The
1230 2546 1316 2599 whole

266 2623 299 2671 in
323 2635 373 2673 se:
396 2623 479 2672 case?
523 2621 709 2684 proterebat,
732 2619 781 2670 ‘be
802 2624 917 2682 protasis
935 2625 1014 2673 down
1034 2631 1062 2674 to
1081 2627 1208 2685 coeperat
1227 2622 1315 2686 (1.93)

268 2698 427 2760 instanced,’
450 2699 497 2747 tire
527 2697 632 2761 regular
657 2697 728 2748 word
752 2697 779 2747 in
803 2697 824 2746 is
834 2702 1004 2751 constructed
1015 2708 1085 2751 most
1095 2700 1312 2764 symmetricaily.

268 2774 361 2825 Cicero
370 2767 419 2824 'for
431 2775 547 2838 quoting
564 2773 710 2836 examples.
746 2777 781 2822 ut
802 2770 861 2826 The
874 2777 930 2826 first
942 2778 984 2827 six
997 2777 1099 2828 clauses
1112 2777 1159 2828 lali
1170 2779 1228 2827 into
1238 2778 1314 2828 three

266 2851 408 2901 iam:this
420 2849 517 2911 clause,
531 2851 584 2900 and
597 2851 658 2900 that
670 2851 698 2899 in
710 2849 726 2900 l.
740 2852 778 2911 11,
801 2856 873 2919 pairs
907 2855 1012 2917 exactIy
1041 2855 1253 2918 correspondlng
1286 2861 1315 2906 to

266 2942 311 2977 are
328 2928 433 2990 strictly
445 2927 564 2990 parallel,
579 2928 646 2977 both
663 2927 780 2989 depend·
801 2933 867 2981 each
879 2932 958 2980 other
969 2930 1022 2980 and
1035 2932 1183 2981 constitute
1196 2932 1243 2980 tire
1257 2931 1314 2982 first

266 3004 312 3068 ing
324 3018 397 3068 upon
404 3004 539 3080 flectebar
551 3002 779 3065 andfrangebur:
801 3008 859 3058 hali
878 3009 908 3058 oi
930 3008 976 3058 the
1000 3009 1126 3070 protasis3
1150 3007 1196 3057 the
1213 3008 1313 3058 second

265 3082 354 3132 notice
366 3081 582 3144 theasyndcton.
800 3085 865 3146 half,
885 3088 911 3135 et
932 3099 992 3135 cam
1012 3085 1078 3134 illue
1099 3083 1127 3147 (l.
1152 3085 1202 3146 191,
1216 3085 1313 3135 echoes

297 3158 397 3206 11-14.
415 3158 455 3207 ab
479 3168 517 3208 eo
541 3156 572 3206 c.
592 3156 777 3227 cornelium.
800 3163 846 3211 tire
870 3161 935 3222 first,
960 3161 1008 3210 but
1031 3161 1098 3211 with
1127 3173 1200 3210 some
1229 3161 1311 3212 artiul

266 3233 360 3284 Cicero
373 3234 488 3284 ascribes
500 3240 529 3284 to
542 3235 693 3284 Autronius
706 3235 778 3282 what
800 3238 954 3287 variatione.
991 3237 1086 3287 Noites
1109 3243 1155 3286 too
1175 3237 1222 3285 tire
1248 3250 1313 3286 arra-

265 3324 320 3360 was
341 3312 386 3360 the
406 3311 550 3373 voluntary
570 3310 724 3374 suggestion
749 3310 778 3358 of
799 3314 891 3376 phora.
939 3313 1065 3374 patrias,
1094 3311 1311 3374 periculorum,

265 3386 405 3437 Cornelius
417 3387 471 3436 and
484 3387 668 3448 Vargunteius
683 3385 720 3447 (p.
735 3386 774 3444 30,
798 3394 862 3437 ete:
888 3387 930 3438 for
951 3401 1019 3446 case,
1043 3387 1076 3436 A.
1098 3386 1194 3448 219,1;
1212 3385 1244 3436 G.
1263 3385 1311 3438 att

265 3464 279 3525 ξ
299 3465 350 3524 49),
373 3464 425 3512 and
449 3464 478 3513 oi
501 3465 547 3512 tire
571 3470 624 3512 two
643 3461 776 3511 would-be
800 3465 873 3514 Rem.
888 3465 915 3524 33
935 3464 968 3512 H.
983 3464 1031 3513 406
1044 3464 1093 3526 N.;
1111 3460 1143 3513 B.
1154 3463 1204 3514 206
1216 3463 1240 3514 3.

264 3541 393 3590 assassins
403 3540 538 3590 mentions
552 3539 693 3589 Cornelius
702 3537 774 3598 only,
829 3539 989 3589 17-22011
1015 3541 1060 3589 the
1085 3540 1171 3591 whole
1199 3553 1311 3606 passage

264 3617 375 3667 because
397 3618 440 3666 his
463 3629 520 3678 son,
545 3615 603 3665 also
623 3613 720 3663 named
743 3614 773 3664 O.
797 3617 831 3666 ci.
856 3615 905 3666 1v.
930 3616 944 3677 §
966 3618 1003 3664 12.
1040 3615 1255 3667 delubrorum:
1273 3618 1307 3668 ei.

263 3693 414 3753 Cornelius,
433 3695 487 3742 wa's
505 3707 556 3741 one
574 3692 603 3742 oi
623 3692 669 3740 the
687 3704 776 3753 prose·
798 3691 846 3742 IV.
877 3691 921 3740 18.
955 3694 991 3741 12.
1027 3704 1200 3753 puerorum,
1228 3708 1261 3758 as,
1282 3693 1310 3743 in

262 3775 361 3820 cutors.
397 3781 459 3831 qua
480 3768 620 3825 mollitia,
646 3767 730 3817 ‘such
753 3768 775 3818 is
797 3767 1031 3818 uacaturus.
1057 3780 1128 3817 cum
1146 3803 1151 3815 .
1169 3805 1174 3816 .
1192 3805 1197 3817 .
1216 3769 1310 3818 ornis:

262 3859 308 3912 my
320 3845 485 3908 tenderness,
499 3845 579 3896 etc.:’
595 3845 637 3894 for
653 3844 710 3894 this
726 3857 773 3894 use
796 3843 885 3893 notice
898 3843 944 3893 tire
963 3842 1136 3894 alliteration.
1174 3845 1311 3900 animum
