2870 4376
237 293 301 360 514
594 304 666 354 rao
689 305 719 352 r.
744 302 871 354 snsrro
893 299 1042 352 canuc.

173 480 178 486 ’
251 495 265 542 5
288 479 461 553 maiorum,
486 475 621 552 iudicia,
646 475 728 539 iuris
755 473 866 550 dictio,
893 472 985 550 fides,
1012 472 1213 557 provinciae,
1242 471 1342 550 socii,

237 587 276 649 99
289 581 418 666 imperii
448 581 534 657 laus,
562 602 614 644 res
644 578 809 655 militaris,
841 578 1016 642 aerarium.
1064 576 1194 640 Harum
1222 598 1343 641 rerum

290 693 342 750 tot
370 693 473 770 atquc
513 689 684 748 tantarum
726 705 797 747 esse
835 681 1045 773 defensorem
1083 686 1118 744 et
1155 686 1342 764 patronum

291 790 403 876 magni
447 788 552 854 animi
577 795 651 864 est,
691 787 804 873 magni
842 787 970 872 ingenii
1009 806 1218 871 magnaeque
1261 806 1344 848 con-

289 894 443 959 stantiae.
504 893 639 958 Etenim
678 892 714 956 in
751 897 846 956 tanto
884 891 1010 954 civium
1043 910 1181 953 numero
1213 910 1342 974 magna

238 1015 267 1060 10
288 997 471 1063 multitudo
496 1005 548 1062 est
569 1019 694 1072 eorum,
720 997 779 1081 qui
806 1002 866 1060 aut
892 1002 1027 1079 propter
1053 999 1181 1057 metum
1208 1013 1340 1076 poenae

290 1108 504 1188 peccatorum
519 1123 657 1165 suorum
675 1100 800 1165 conscii
824 1120 929 1163 novos
953 1105 1064 1162 motus
1089 1097 1341 1162 conversiones·
1416 1132 1420 1142 ·

293 1205 432 1291 querci
459 1204 613 1290 publicae
641 1211 816 1289 quaerant,
848 1210 908 1266 aut
938 1203 998 1287 qui
1029 1208 1164 1286 propter
1194 1201 1339 1264 insitum

291 1309 459 1395 quendam
474 1309 578 1372 animi
594 1308 741 1373 furorem
763 1306 937 1372 discordiis
961 1307 1086 1370 civium
1110 1326 1147 1369 ac
1168 1303 1339 1368 seditione

290 1421 480 1500 pascantur,
496 1421 558 1478 aut
578 1413 638 1498 qui
662 1419 798 1498 propter
820 1411 1074 1495 inplicationem
1097 1409 1144 1474 rei
1161 1407 1340 1472 familiaris

239 1536 265 1580 15
289 1518 460 1584 communi
485 1516 640 1582 incendio
667 1516 787 1580 malint
812 1537 914 1600 quam
938 1535 999 1579 suo
1014 1511 1218 1598 deflagrare.
1266 1511 1340 1590 Qui

291 1644 369 1687 oum
383 1628 513 1687 tutores
528 1628 611 1685 sunt
626 1628 661 1686 et
676 1620 778 1685 duces
794 1641 931 1684 suorum
949 1617 1140 1683 studiorum
1162 1617 1341 1681 vitiorum-

291 1749 357 1812 que
373 1726 472 1803 nacti,
491 1726 576 1790 inre
600 1725 734 1809 publica
755 1723 878 1788 fluctus
903 1724 1106 1798 excitantur,
1131 1728 1171 1785 ut
1195 1720 1342 1807 vigilan·
1405 1793 1410 1807 Ι

194 1819 195 1822 “
291 1831 371 1894 dum
387 1830 433 1894 sit
448 1831 498 1906 iis,
516 1829 576 1914 qui
591 1829 656 1894 sibi
671 1829 899 1915 gubernacula
912 1828 1038 1912 patriae
1056 1826 1339 1911 depoposcerunt,

291 1932 555 2018 enitendumque
581 1934 671 1997 omni
696 1933 838 1997 scicntia
864 1953 902 1996 ao
930 1931 1115 2018 diligentia,
1142 1938 1184 1994 ut
1206 1951 1343 1996 conser-

237 2057 267 2102 ao
289 2040 376 2105 vatis
402 2039 453 2114 iis,
479 2058 565 2123 quae
591 2059 654 2123 ego
678 2038 778 2122 paulo
795 2045 873 2101 ante
899 2035 1119 2100 fundamenta
1134 2057 1171 2099 ao
1188 2034 1342 2099 membra

290 2166 361 2210 esse
387 2142 469 2219 dixi,
494 2150 610 2207 tenere
636 2162 772 2205 cursum
797 2141 928 2225 possint
952 2148 987 2204 et
1012 2161 1129 2224 capere
1149 2139 1211 2203 otii
1237 2139 1341 2203 illum

218 2253 275 2315 100
289 2255 425 2332 portum
440 2253 475 2312 et
491 2245 678 2332 dignitatis.
725 2245 823 2309 Hanc
847 2266 910 2330 ego
935 2245 1032 2319 viam,
1061 2243 1198 2318 iudiceS,
1222 2244 1251 2307 si
1276 2252 1343 2309 aut

293 2373 442 2437 asperam
470 2357 574 2435 atque
600 2348 740 2414 arduam
765 2356 826 2414 aut
852 2349 984 2434 plenam
1010 2369 1081 2413 esse
1108 2347 1343 2433 periculorum

290 2464 350 2522 aut
365 2455 563 2522 insidiarum
578 2476 709 2541 negem,
726 2454 878 2531 mentiar,
895 2454 1090 2538 praesertim
1110 2474 1187 2517 cum
1208 2450 1246 2516 id
1268 2473 1344 2517 non

237 2578 266 2623 aa
289 2560 387 2625 modo
415 2559 643 2625 intellexerim
667 2579 810 2643 semper,
837 2558 897 2624 sed
929 2558 1029 2624 etiam
1061 2564 1193 2642 praeter
1208 2563 1343 2623 ceteros

289 2665 460 2731 senserim.

334 2785 448 2832 xuvu.
473 2765 658 2832 Maioribus
673 2767 846 2852 praesidiis
862 2776 898 2833 et
918 2769 1021 2853 copiis
1045 2775 1262 2854 oppugnatur
1287 2791 1344 2834 res

290 2872 424 2959 publica
436 2893 537 2956 quarn
553 2871 759 2951 defenditur,
776 2881 951 2958 propterea
964 2871 1056 2958 quod
1071 2872 1215 2936 audaces
1235 2871 1346 2937 horni-

320 3078 347 3127 5.
367 3071 491 3134 iudicia,
500 3077 576 3126 iuris
589 3077 695 3135 dictio,
708 3079 800 3128 ‘crim·
823 3077 956 3139 lessness,’
984 3076 1171 3127 ‘radicalism’
1208 3077 1344 3138 inplica—

288 3153 344 3203 inal
360 3153 415 3203 and
435 3153 498 3202 civil
516 3153 585 3203 law.’
631 3154 718 3211 fides,
738 3155 805 3204 ‘na-¹
822 3155 947 3210 tionem,
962 3152 1103 3203 ‘involved
1125 3152 1213 3202 state!
1250 3164 1343 3204 com·

289 3229 373 3280 tional
385 3230 489 3279 credit!
822 3231 909 3279 muni
920 3231 1069 3281 incendio
1079 3244 1084 3278 :
1102 3231 1145 3280 for
1156 3231 1203 3280 the
1219 3231 1343 3295 thought

321 3307 334 3368 ἓ
355 3307 393 3356 99.
420 3305 445 3364 ’1,
465 3305 491 3355 8.
521 3309 687 3364 tantarum,
709 3309 799 3355 tanto
822 3305 857 3354 of.
872 3305 909 3354 11.
924 3305 1069 3355 21.11-14.

290 3381 316 3441 (l.
336 3382 377 3444 9):
395 3388 532 3431 comment
551 3396 625 3445 upon
648 3382 720 3431 their
742 3395 797 3431 use.
854 3379 955 3428 16-21.
972 3383 1102 3437 tutores,
1115 3380 1220 3438 duces,
1228 3395 1344 3432 aecusa-

288 3470 357 3508 esse
371 3457 584 3506 defensorem:
601 3459 648 3506 the
665 3458 801 3518 predicate
823 3457 899 3506 lives.
941 3459 1028 3505 sunt:
1061 3458 1120 3519 jein
1154 3458 1220 3506 with
1249 3462 1342 3510 aucti.

288 3548 380 3597 agrees
400 3535 428 3582 in
449 3548 509 3582 ease
533 3534 599 3582 with
622 3535 669 3582 the
687 3533 800 3583 omitted
822 3532 998 3580 studiorum
1016 3533 1179 3582 vitiorum:
1196 3534 1240 3583 for
1252 3534 1344 3598 figure

288 3611 358 3672 subj.
388 3611 417 3660 of
451 3623 516 3669 ease,
544 3610 663 3670 aliquem
683 3633 709 3657 =
731 3609 801 3671 ‘any
823 3609 857 3657 cf.
870 3609 899 3670 ἐς
908 3609 947 3657 85.
960 3610 1003 3669 203
1021 3609 1060 3658 33.
1070 3611 1109 3660 34.
1145 3610 1344 3671 gubernacu-

288 3687 462 3738 onez'seeon
475 3686 546 3735 Mur.
556 3685 602 3734 16.
612 3687 653 3745 30,
668 3685 797 3747 31;15.3.
821 3684 859 3731 la.
894 3685 964 3747 Why
987 3685 1099 3748 plural?
1142 3689 1250 3735 tenere
1270 3700 1344 3736 our-

288 3760 798 3821 animictetforthegen.oi.§86.15.
822 3773 898 3818 sum,
920 3773 1048 3823 capere:
1080 3763 1123 3810 for
1150 3763 1283 3828 meaning
1302 3765 1341 3814 ef.

319 3836 421 3886 13-15.
439 3836 535 3885 animi
556 3836 699 3894 furorem,
719 3834 800 3886 ‘reat
824 3835 899 3888 Caes.
914 3837 965 3894 IV,
979 3837 1018 3894 26,
1029 3838 1063 3894 ad
1076 3837 1122 3893 fin.
