2876 4378
457 327 536 382 cnr.
561 329 648 393 aeae
674 328 687 392 ς
710 328 797 381 aeos.
1043 326 1046 330 ·
1126 313 1189 382 610

86 502 127 568 in
154 498 327 569 hominum
351 511 448 568 coetu
475 504 592 589 gratiis
624 501 762 588 agendis
794 510 829 567 et
855 502 1138 589 gratulationibus

87 607 255 674 habendis
267 616 302 674 et
317 608 407 673 omni
423 629 575 672 sermone
589 606 803 671 celebramur.
836 607 966 671 Omitto
984 607 1137 673 Etruriae

89 712 197 778 festos
221 721 255 778 et
277 720 367 776 actos
392 719 428 776 et
454 713 627 775 institutos
656 709 737 775 dies.
784 711 975 776 Centesima
1001 712 1061 774 lux
1085 720 1162 777 est.

89 817 173 882 haec
190 817 231 881 ab
246 818 386 882 interitu
413 816 451 879 P.
470 815 568 880 Clodi
590 823 634 891 et,
653 817 779 900 opinor,
797 816 910 879 altera.
957 815 1034 895 Qua
1057 817 1138 881 fines

90 921 223 1006 imperii
246 922 363 1006 populi
392 920 533 985 Romani
557 927 647 995 sunt,
672 941 711 983 ea
734 941 800 983 non
827 921 935 983 solum
963 919 1050 984 fama
1074 922 1138 984 iam
1161 938 1191 983 40

90 1025 134 1089 de
159 1025 227 1101 illo,
251 1023 435 1090 sedetiam
459 1024 588 1089 laetitia
614 1024 813 1109 peragravit.
860 1022 970 1102 Quam
994 1024 1137 1099 obrem,

91 1128 152 1193 ubi
168 1151 287 1214 corpus
309 1129 370 1193 hoc
387 1131 440 1205 sit,
458 1127 546 1203 non,’
563 1128 686 1211 inquit,
705 1127 846 1203 ‘laboro
863 1129 1020 1212 quoniam
1037 1129 1140 1191 omni-

91 1234 157 1298 bus
173 1235 208 1296 in
224 1234 320 1298 terris
337 1241 371 1298 et
388 1235 451 1297 iarn
473 1239 625 1297 versatur
648 1238 682 1296 et
706 1253 835 1316 semper
858 1231 1022 1296 habitabit
1038 1234 1139 1295 nomi·

92 1339 146 1402 nis
163 1337 226 1401 mei
242 1337 370 1423 gloria!

1 1515 2 1518 Ἴ
138 1457 270 1504 xxxvl.
318 1441 408 1506 Haec
426 1450 462 1506 tu
486 1463 617 1506 mecum
640 1461 738 1525 saepe
762 1439 813 1504 his
837 1440 1050 1516 absentibus3
1078 1441 1136 1506 sed
1152 1445 1192 1507 99

1 1588 3 1594 r
91 1545 199 1610 isdem
216 1544 431 1609 audientibus
454 1545 533 1609 haec
550 1566 612 1630 ego
634 1552 757 1618 tecum,
776 1543 879 1606 Milo:
907 1543 974 1609 ‘Te
991 1545 1137 1628 quidem,

1 1727 2 1732 γ
92 1671 171 1714 curn
187 1650 251 1713 isto
271 1649 381 1713 animo
405 1649 548 1725 assatis
572 1647 707 1712 laudare
732 1669 798 1711 non
823 1669 969 1732 possum,
986 1647 1054 1725 sed,
1072 1671 1139 1733 quo

1 1800 2 1810 ,
92 1761 146 1818 est
176 1755 240 1818 ista
271 1754 376 1839 magis
408 1752 523 1818 divina
554 1753 672 1828 virtus,
699 1773 738 1816 eo
769 1753 891 1815 maiora
920 1773 939 1815 a
966 1761 998 1816 te
1026 1750 1165 1824 dolore¹

92 1857 246 1922 divellor.
292 1855 363 1921 Neo
391 1879 479 1933 vero,
504 1857 530 1920 si
564 1856 645 1919 mihi
675 1857 821 1941 eriperis,
850 1857 980 1941 reliqua
1007 1857 1179 1922 astillat

4 2042 5 2046 Ἰ
93 1972 206 2026 tamen
223 1961 266 2024 ad
282 1961 522 2026 consolandum
547 1960 708 2045 querella,
725 1967 766 2024 ut
787 1961 828 2024 iis
852 1961 948 2025 irasci
971 1962 1104 2046 possim,
1121 1981 1141 2024 a

1 2116 8 2125 ,.
93 2066 217 2150 quibus
248 2073 380 2129 tantum
411 2065 536 2130 vulnus
568 2085 735 2147 accepero.
791 2064 867 2128 Non
898 2065 986 2129 enirn
1014 2065 1140 2129 inimici

1 2223 5 2256 ¹.
93 2170 159 2236 mei
176 2177 208 2234 te
226 2169 307 2232 mihi
324 2170 476 2254 eripient,
490 2167 548 2233 sed
561 2167 762 2243 amicissimi,
777 2190 841 2231 non
860 2169 944 2233 male
957 2169 1140 2253 aliquando

2 2336 10 2353 „
93 2275 134 2338 de
159 2295 211 2338 me
235 2274 356 2349 meriti,
374 2272 432 2336 sed
456 2295 587 2357 semper
609 2271 755 2356 optime!
802 2271 944 2336 Nullum
968 2295 1139 2358 umquam,

1 2461 9 2473 .
95 2378 234 2454 iudices,
252 2377 333 2440 mihi
350 2384 483 2440 tantum
505 2377 653 2441 dolorem
677 2377 818 2441 inuretis
837 2378 921 2462 (etsi
938 2378 1013 2462 quis
1030 2385 1140 2462 potest
1165 2396 1194 2442 10

2 2543 12 2572 „
95 2504 166 2547 esse
183 2482 358 2565 tantus‘l),
372 2480 431 2546 sed
448 2503 488 2546 ne
506 2481 595 2546 hunc
613 2479 750 2566 quidem
766 2483 887 2566 ipsum,
899 2489 938 2546 nt
954 2481 1138 2559 obliviscar,

2 2575 12 2679 'a
95 2587 214 2671 quanti
231 2608 283 2650 me
307 2607 438 2669 semper
460 2584 617 2650 feceritis
664 2584 759 2664 Quae
779 2587 807 2650 si
823 2607 883 2650 vos
900 2587 990 2670 cepit
1005 2585 1139 2663 oblivi0,

4 2747 15 2784 3
95 2699 154 2755 aut
169 2692 197 2754 si
213 2691 248 2753 in
264 2712 316 2754 me
340 2689 470 2773 aliquid
493 2688 691 2765 offendistis,
709 2711 769 2754 cur
792 2711 858 2753 non
884 2689 919 2754 id
942 2712 1015 2754 meo
1031 2692 1139 2776 capite

3 2782 15 2871 J,
95 2796 208 2880 potius
230 2795 340 2858 luitur
362 2815 463 2878 qnam
489 2793 652 2858 Milonis?
700 2793 874 2859 Praeclare
900 2795 988 2859 enirn
1013 2794 1140 2872 vixero,

5 3067 8 3078 y
129 3009 190 3070 598.
205 3007 306 3056 3⁷40.
324 3007 483 3056 Etruriae.
496 3043 520 3055 ..
533 3005 608 3064 dies,
632 3012 672 3057 set
683 3008 742 3058 free
760 3006 782 3071 (5
800 3007 867 3071 101),
884 3007 938 3058 and
954 3007 1032 3058 allow
1050 3006 1144 3057 Cicero

2 3090 9 3111 ‘¹
100 3087 160 3134 ‘the
169 3084 291 3135 festivals
303 3085 332 3134 ol
343 3085 460 3145 Etruria,
470 3085 535 3134 both
543 3085 610 3146 kept
631 3089 660 3133 to
679 3085 749 3134 have
770 3085 870 3146 proved
889 3085 931 3133 lrls
952 3084 1086 3146 gratitudo
1109 3084 1143 3146 by

12 3167 18 3208 l
98 3162 150 3211 and
162 3160 310 3224 appointed
322 3165 351 3210 to
362 3161 395 3210 be
412 3159 497 3223 kept,'
512 3161 567 3222 l.e.,
581 3165 610 3210 to
631 3161 674 3212 his
683 3160 828 3210 successful
837 3161 949 3210 defense
957 3159 999 3222 (ἓξ
1009 3161 1062 3219 102,
1074 3159 1140 3222 los).

12 3271 19 3310 ,ἱ
98 3238 229 3287 celebrate
251 3237 324 3285 their
344 3235 513 3286 deliverance
538 3236 609 3286 from
632 3238 690 3288 The
701 3253 775 3288 same
787 3237 923 3302 gratitudo
932 3239 953 3287 is
962 3237 1052 3299 leltby
1060 3237 1143 3285 Rome

12 3309 14 3314 ’
99 3313 217 3364 Clodius.
252 3311 322 3371 Qua
334 3348 339 3360 .
353 3348 376 3360 ..
395 3325 438 3370 ea,
457 3311 610 3362 ‘wlierever
633 3313 658 3376 (ξ
672 3313 739 3377 104),
751 3315 805 3363 and
818 3315 963 3376 Pompeius
976 3320 1022 3363 too
1034 3313 1086 3362 will
1105 3327 1145 3362 re·

4 3389 21 3410 ²
101 3428 106 3440 .
125 3428 131 3440 .
152 3426 157 3440 .
177 3389 273 3450 there,’
286 3388 338 3438 abl.
353 3389 382 3438 ol
395 3403 452 3452 way
464 3389 498 3451 by
510 3389 607 3438 which.
631 3392 700 3454 Jolce
712 3405 776 3441 over
788 3392 834 3441 the
846 3391 955 3440 verdict.

663 3465 722 3523 §aa
741 3466 822 3515 1-13.
842 3467 929 3516 Haeo
942 3469 990 3514 tu:
1008 3480 1044 3515 sc.
1055 3466 1143 3517 dicis:

132 3540 178 3604 (b).
198 3541 304 3604 Appeal
315 3546 345 3591 to
357 3542 402 3591 the
414 3541 476 3604 jury
484 3546 512 3591 to
519 3541 610 3604 aequit
632 3544 738 3606 cf.§92.
749 3545 771 3594 1.
791 3542 852 3592 his:
865 3558 900 3593 sc.
910 3543 1053 3593 iudicibus.
1072 3554 1144 3590 cum

5 3613 23 3664 tl
103 3620 165 3669 lllllo
173 3620 286 3669 because
293 3621 328 3670 he
338 3633 392 3670 uas
400 3619 611 3670 Cicero’struest
632 3633 679 3670 es:
698 3621 741 3669 lor
758 3621 847 3679 mood,
861 3621 895 3669 A.
909 3620 957 3670 326
975 3633 1012 3670 o:
1032 3619 1064 3668 G.
1084 3617 1144 3678 5673

5 3686 23 3744 ll·
102 3697 187 3746 friend
201 3695 224 3758 (0
237 3696 290 3759 99),
304 3696 394 3746 whose
403 3697 513 3746 fatethe
522 3701 611 3746 orator
634 3697 669 3746 H.
679 3697 734 3759 517,
745 3700 773 3758 2;
785 3697 815 3746 P.
830 3695 938 3756 00913).
969 3694 1056 3754 Quae
1068 3693 1144 3743 obll-

8 3771 23 3819 0
103 3773 227 3822 intended
249 3778 279 3822 to
301 3773 379 3822 share
404 3772 430 3836 (§
448 3772 517 3833 100).
553 3773 612 3822 The
633 3773 686 3822 vlo
701 3797 727 3822 =
742 3775 820 3823 culus
836 3774 875 3822 rel
892 3772 1006 3822 obliuio:
1024 3769 1084 3827 cll
1102 3769 1151 3822 75:

6 3845 24 3896 rl
103 3864 163 3914 very
174 3848 272 3913 guarda
284 3854 357 3900 must
369 3863 413 3900 see
425 3851 487 3899 that
504 3848 572 3899 Milo
589 3851 612 3900 ls
633 3850 673 3899 49.
708 3847 827 3911 aliquid
851 3846 1037 3906 offendistis,
1061 3845 1146 3899 ‘have
