2876 4378
422 319 503 376 cnr.
526 321 614 390 cras,
638 320 652 388 a
677 322 795 376 nona
1122 306 1189 380 tm

86 505 168 563 sunt
184 490 226 564 de
242 478 315 562 suis·
328 495 523 562 civitatibus
548 497 668 572 meriti,
685 504 780 561 tanta
802 495 901 562 hodie
924 496 1032 584 gloria
1054 506 1136 563 sunt

86 625 154 666 non
178 603 213 665 in
239 601 382 666 Graecia
407 601 527 677 solum,
552 601 737 666 sedetiam
764 601 855 692 apud
882 623 942 666 nos
970 609 1074 688 atque
1097 604 1133 667 in

87 707 206 771 ceteris
225 707 338 797 terris,
356 713 396 769 ut
417 726 483 780 eos,
501 727 520 768 a
544 705 667 790 quibus
691 707 743 769 illi
767 706 916 790 oppressi
943 706 1022 784 sint,
1039 727 1137 772 nemo
1159 723 1174 769 t

87 810 247 885 nominet,
264 809 383 873 horum
400 809 624 873 calamitatem
638 809 859 874 dominationi
872 810 1007 874 illorum
1020 832 1135 876 omues

87 917 304 994 anteponant.
351 907 437 986 Quis
454 908 783 994 Carthaginiensium
800 910 906 993 pluris
923 909 992 974 fuit
1007 910 1136 975 Hanni·

89 1009 161 1073 bale
181 1010 329 1084 consilio,
354 1009 491 1084 virtute,
517 1008 617 1072 rebus
640 1010 755 1095 gestis,
780 1011 839 1093 qui
865 1031 953 1074 unus
980 1032 1057 1074 oum
1081 1018 1134 1076 tot
1213 1001 1215 1007 ¹

88 1112 342 1197 imperatoribus
369 1103 492 1176 nostris
518 1135 578 1196 per
599 1121 651 1177 tot
674 1135 779 1178 anuos
806 1112 847 1178 de
873 1115 1012 1198 imperio
1035 1114 1134 1180 etde

88 1217 195 1302 gloria
210 1215 419 1280 decertavit?
465 1216 567 1280 Hunc
583 1218 635 1279 sui
653 1218 773 1282 oivese
790 1219 928 1282 civitate
945 1219 1135 1292 eiecerunt;
1160 1234 1189 1279 ro

89 1341 148 1384 nos
166 1320 266 1382 etiam
290 1319 420 1384 hostem
446 1319 568 1385 litteris
594 1322 774 1385 nostriset
799 1323 958 1385 memoria
981 1322 1134 1388 videmus

88 1445 160 1490 esse
177 1422 392 1488 celebratum.
441 1421 552 1502 Quare
575 1425 746 1488 imitemur
767 1434 898 1490 nostros
924 1425 1058 1500 Brutos,
1076 1426 1209 1491 Gai-143

88 1528 208 1603 millos,
240 1527 377 1602 Ahalas,
410 1527 542 1602 Decios,
576 1528 705 1604 Ourios,
739 1529 918 1605 Fabricios,
958 1530 1134 1606 Maximos,

89 1629 270 1715 Scipiones,
288 1630 462 1706 Lentulos,
480 1631 654 1708 Aemilios,
672 1633 933 1698 innumerabiles
957 1634 1051 1709 alios,
1076 1636 1135 1719 qui

89 1733 174 1798 hanc
205 1756 272 1799 rem
304 1734 475 1819 publicam
506 1734 763 1812 stabiliverunt3
804 1758 888 1822 quos
920 1737 1076 1821 equidem
1101 1739 1134 1800 in
1160 1753 1188 1797 15

89 1836 227 1902 deorum
243 1839 482 1904 immortalium
506 1847 605 1903 coetu
630 1860 667 1903 ac
693 1862 833 1906 numero
857 1862 991 1925 repono.
1038 1842 1137 1905 Ame-

90 1962 163 2006 mus
194 1943 345 2028 patriam,
384 1964 559 2027 pareamus
596 1946 738 2020 senatui,
770 1945 984 2010 consulamus
1022 1945 1135 2021 bonis3

88 2048 272 2132 praesentis
290 2046 422 2111 fructus
447 2047 676 2134 neglegamus
703 2050 909 2132 posteritatis
933 2049 1057 2134 gloriae
1074 2071 1138 2113 ser-

90 2152 230 2229 viamus
253 2150 289 2215 id
310 2173 381 2216 esse
407 2152 573 2236 optimum
597 2161 767 2236 putemus
793 2152 884 2238 quod
908 2155 973 2217 erit
996 2154 1138 2217 rectissi-

90 2278 191 2331 mum,
222 2277 404 2340 speremus
436 2277 522 2340 quae
555 2257 721 2332 volumus,
750 2257 819 2332 sed,
852 2257 944 2342 quod
968 2257 1137 2333 acciderit,
1161 2275 1191 2319 ao

89 2358 246 2436 feramus,
275 2361 463 2446 cogitemus
492 2360 637 2445 denique
665 2382 785 2445 eorpus
818 2363 966 2426 virorum
996 2361 1136 2426 fortium

89 2485 356 2550 magnorumque
373 2463 547 2526 hominum
572 2485 642 2529 esse
667 2462 816 2541 mortale,
841 2466 943 2529 animi
972 2487 1050 2530 vero
1075 2488 1141 2530 mo

89 2575 144 2632 tus
184 2574 219 2632 et
256 2568 394 2632 virtutis
432 2568 571 2653 gloriam
611 2570 859 2653 sempiternam,
892 2591 1011 2653 neque,
1051 2568 1137 2636 hano

89 2671 280 2756 opinionem
302 2673 330 2735 si
354 2673 389 2734 in
413 2671 473 2734 illo
499 2673 709 2737 sanctissimo
738 2672 886 2737 Hercule
912 2681 1137 2738 consecratam
1237 2675 1239 2680 ’

90 2774 254 2852 videmus,
272 2776 368 2840 cuius
385 2796 522 2859 corpore
539 2775 694 2840 ambusto
711 2777 817 2841 vitam
829 2777 902 2841 eius
925 2784 961 2841 et
976 2777 1139 2841 virtutem
1162 2794 1192 2840 ac

124 2935 213 2996 5142.
245 2934 326 2984 '7-10.
350 2934 463 2996 pluris:
485 2935 606 2991 forcase
628 2934 760 3000 belonged
787 2941 817 2985 to
844 2937 891 2986 the
918 2950 983 2998 pene
1011 2936 1138 2987 Aemilia.

90 3010 336 3072 cf.up.xv11.2.
355 3012 394 3061 20.
431 3011 524 3062 Hunc
540 3010 604 3058 eui:
659 3010 761 3060 22-24.
779 3011 874 3060 animi
892 3012 1005 3068 motus,
1020 3010 1082 3059 ‘the
1098 3025 1141 3060 ac·

90 3086 133 3136 ior
154 3087 202 3135 the
225 3085 350 3137 reflexive
372 3088 500 3150 meaning
524 3086 602 3148 ‘his,'
627 3085 748 3149 tivityoi
764 3087 812 3136 the
830 3085 925 3135 mind)
961 3098 1076 3147 neque:
1094 3087 1140 3136 the

90 3169 140 3212 not
153 3162 257 3223 ‘theia'
272 3177 315 3212 see
327 3178 363 3212 on
375 3165 429 3214 III.
443 3163 488 3212 2⁷.
500 3165 523 3214 6.
627 3163 753 3226 negative
769 3176 833 3226 goes
851 3163 918 3212 with
935 3164 1032 3212 minus.
1077 3163 1141 3224 opi-

123 3242 135 3299 ς
150 3241 203 3289 143.
222 3238 324 3287 12-14.
348 3240 471 3298 Brutos,
493 3239 604 3290 camil-
626 3240 753 3290 nionem
764 3275 770 3288 .
782 3275 789 3288 .
800 3275 807 3288 .
819 3241 1043 3296 consecratam,
1068 3238 1140 3288 ‘this

90 3315 237 3372 loe,‘men
247 3315 301 3365 like
309 3317 418 3378 Brutus,
429 3316 500 3378 etc.,’
511 3318 605 3367 theso·
627 3316 709 3366 belief
724 3317 775 3366 has
801 3317 911 3367 become
938 3329 974 3364 an
997 3315 1090 3365 article
1112 3316 1141 3364 of

91 3392 176 3440 called
184 3393 290 3454 generic
298 3392 394 3455 plural.
426 3393 605 3444 TheLentuli
627 3393 697 3443 saith
711 3390 923 3455 (consecratam)
937 3393 965 3442 ln
979 3392 1026 3441 the
1043 3405 1141 3454 person

91 3468 145 3517 and
163 3467 280 3517 Aemilii
300 3482 345 3518 are
363 3468 490 3518 included
508 3469 537 3520 in
549 3469 604 3518 this
627 3470 656 3518 oi
684 3470 732 3520 the
754 3469 818 3531 holy
839 3467 989 3518 Hercules)
1032 3467 1138 3527 Pollux,

91 3545 137 3594 list
148 3545 177 3593 of
194 3544 303 3593 ancient
315 3545 442 3594 worthies
453 3544 553 3607 merely
560 3545 604 3594 be·
627 3545 766 3606 Hercules,
785 3544 839 3594 and
865 3543 997 3594 Romulus
1027 3544 1082 3603 (see
1105 3558 1142 3593 on

73 3634 170 3670 -cause
199 3621 244 3669 the
272 3620 366 3670 consul
395 3620 528 3670 Lentulus
550 3620 604 3670 had
628 3622 720 3671 ΙΙΙ,2.
737 3620 779 3683 12)
798 3635 867 3672 were
884 3621 1007 3671 believed
1026 3626 1055 3670 to
1071 3621 1142 3670 have

91 3701 162 3750 done
174 3714 204 3750 so
215 3701 297 3749 much
313 3700 358 3750 ior
374 3700 477 3762 Cicero,
489 3701 544 3750 and
560 3701 604 3751 be·
627 3698 723 3760 passed
734 3677 847 3761 directly
855 3698 914 3746 into
925 3697 974 3746 the
984 3697 1101 3746 number
1112 3696 1142 3747 of

92 3787 171 3822 cause
190 3787 241 3823 one
261 3778 290 3823 at
310 3773 379 3824 least
396 3774 425 3824 oi
441 3775 488 3824 the
505 3775 602 3836 jurors,
627 3774 675 3823 the
686 3774 751 3836 gods
762 3788 798 3822 cn
810 3778 926 3823 account
936 3773 966 3822 oi
985 3773 1032 3822 tlte
1049 3773 1142 3835 manly

91 3851 140 3904 the
151 3850 268 3902 Scaurus
279 3851 309 3901 oi
326 3852 356 3914 ἐς
369 3852 423 3902 116.
438 3850 481 3916 1’1;
494 3852 547 3902 101.
562 3853 602 3914 12,
628 3851 777 3915 perfectiori
789 3850 819 3902 oi
835 3850 907 3900 their
917 3849 985 3900 lives
999 3862 1035 3899 on
1052 3850 1139 3902 earth.
