2876 4378
462 303 543 354 car.
567 306 656 368 area,
680 307 694 368 s
717 305 804 358 aaa.
1146 275 1235 361 607‘

111 472 274 557 exequiis,
290 473 363 538 sine
378 473 545 551 lamentis,
561 475 633 539 sine
656 474 915 552 laudationibuS,
932 476 1004 541 sine
1028 476 1157 554 funere,

111 575 237 640 oblitus
253 598 369 642 cruore
385 585 420 642 et
435 578 519 654 luto,
536 577 698 662 spoliatus
714 579 806 644 illius
826 580 973 663 supremi
996 579 1062 644 diei
1079 583 1160 646 cele·
1181 597 1196 642 a

110 679 320 774 b1itate,xcui
347 680 464 746 cedere
494 682 622 746 inimici
653 683 753 747 etiam
785 683 904 759 solent,
929 681 1158 748 ambureretur

110 783 268 849 abiectus.
314 783 391 848 Non
407 783 512 850 fuisse
537 784 635 850 credo
659 785 709 850 fas
733 787 994 851 clarissimorum
1009 787 1158 851 virorum

108 887 232 953 formas
247 889 298 952 illi
314 889 505 954 taeterrimo
521 888 703 973 parricidae
719 889 850 974 aliquid
874 889 1003 956 decoris
1027 889 1156 967 afferre,

110 1013 219 1076 neque
236 993 307 1057 ullo
322 993 358 1056 in
374 993 448 1057 loco
463 993 578 1077 potius
594 1001 735 1058 mortem
753 994 825 1058 eius
842 994 987 1070 lacerari,
1005 1015 1105 1078 quam
1122 995 1157 1057 in

110 1117 179 1180 quo
195 1105 283 1161 esset
297 1097 368 1161 vita
384 1096 553 1161 damnata.
1182 1111 1211 1156 ro

154 1200 248 1264 Dura
288 1199 417 1289 medius
455 1200 554 1264 fidius
601 1201 682 1264 mihi
732 1201 798 1264 iam
844 1200 994 1264 Fortuna
1040 1201 1157 1285 populi
1170 1206 1209 1269 87

109 1304 251 1369 Romani
282 1310 317 1368 et
346 1303 491 1368 crudelis
523 1303 713 1381 videbatur,
738 1325 823 1389 quae
854 1311 906 1368 tot
932 1326 1036 1369 annos
1060 1305 1156 1369 illurn

108 1408 145 1470 in
168 1407 253 1471 hanc
276 1428 346 1471 rem
372 1407 541 1493 publicam
568 1409 731 1472 insultare
755 1414 935 1492 pateretur.
982 1407 1156 1472 Polluerat

107 1518 226 1594 stupro
273 1512 499 1576 sanctissimas
547 1513 738 1598 religiones,
778 1520 914 1576 senatus
961 1512 1157 1596 gravissima

108 1615 242 1680 decreta
278 1614 494 1701 perfregerat,
533 1617 676 1700 pecunia
714 1636 750 1679 se
787 1637 807 1678 a
844 1615 1011 1679 iudicibus
1049 1613 1158 1699 palam
1182 1629 1209 1674 15

107 1718 305 1794 redemerat,
342 1726 482 1783 vexarat
518 1719 553 1782 in
592 1719 766 1784 tribunatu
803 1727 967 1794 senatum,
1006 1720 1154 1783 omnium

108 1822 265 1886 ordinum
295 1843 460 1887 consensu
490 1845 550 1908 pro
581 1823 692 1887 salute
722 1824 770 1886 rei
800 1822 954 1906 publicae
985 1829 1080 1908 gesta
1110 1845 1157 1888 re-

107 1925 262 2002 sciderat,
285 1948 338 1990 me
363 1927 471 2010 patria
493 1928 681 2011 expulerat,
705 1926 792 1991 bona
810 1926 1003 2011 diripuerat,
1020 1926 1174 1991 domum

107 2029 313 2106 incenderat,
330 2030 463 2106 liberos,
481 2015 660 2117 coniugem
684 2052 792 2096 meam
816 2038 964 2107 vexarat,
982 2031 1044 2095 Cn.
1061 2032 1157 2096 Pom·
1241 2049 1242 2054 ’

107 2135 183 2219 pcio
199 2133 365 2198 nefarium
389 2133 515 2198 bellum
538 2134 717 2209 indixerat,
735 2135 993 2220 magistratuum
1015 2136 1158 2219 privato-
1180 2151 1210 2196 ro

107 2259 250 2321 rumque
267 2237 385 2301 caedes
402 2236 573 2313 effecerat,
590 2237 726 2302 domurn
743 2239 808 2303 mei
824 2237 936 2302 fratris
953 2238 1155 2314 incenderat,

108 2349 259 2408 vastarat
274 2342 454 2417 Etruriam,
473 2343 598 2407 multos
620 2343 754 2408 sedibus
771 2364 808 2407 ac
825 2341 970 2407 fortunis
993 2344 1155 2418 eiecerat;

88 2445 264 2521 instabat,
282 2445 425 2531 urgebat
435 2469 443 2521 3
468 2467 585 2530 capere
603 2447 674 2511 eius
698 2448 878 2512 amentiam
902 2448 1031 2523 civitas,
1048 2446 1157 2523 Italia,

107 2550 308 2634 provinciae,
323 2571 428 2635 regna
450 2571 518 2613 non
533 2557 689 2634 poterant
688 2575 706 2654 ‚3
730 2551 965 2616 incidebantur
980 2553 1045 2616 iam
1066 2551 1155 2616 domi

1 2641 3 2646 ’
106 2656 211 2740 lagae,
236 2675 321 2737 quac
348 2675 410 2718 nos
439 2655 545 2720 servis
577 2655 700 2720 nostris
728 2655 941 2731 addicerent3
972 2657 1058 2720 nihil
1088 2664 1160 2723 orat
1180 2673 1208 2717 25

140 2838 202 2887 5-9.
225 2839 363 2899 supremi
380 2838 625 2898 ...celebritate
646 2851 740 2902 mum,
772 2839 895 2898 liberos,
918 2840 1097 2902 coniugem:
1114 2855 1158 2892 see
1254 2857 1256 2862 ’

108 2914 171 2965 ‘the
190 2915 289 2977 throng
306 2915 367 2964 that
387 2915 488 2965 honora
508 2916 555 2965 the
572 2915 625 2965 last
647 2930 682 2965 on
694 2917 761 2966 Sest.
776 2916 822 2964 54.
835 2917 922 2967 32-38.

106 2991 178 3054 day!
224 2992 278 3041 For
296 2993 415 3052 supremi
433 3006 478 3041 see
496 3006 532 3042 on
551 2993 622 3043 Mur.
677 2993 779 3041 21-25.
803 2992 931 3042 domum
953 2991 1071 3041 fratris:
1103 2995 1158 3044 this

108 3068 153 3117 ⁷5.
184 3068 222 3118 13.
268 3071 401 3116 mortem
423 3067 491 3116 eius
516 3092 541 3117 =
564 3083 623 3118 eum
646 3070 772 3118 occurred
780 3083 846 3120 soon
859 3070 930 3118 after
938 3069 1158 3120 Cicero’sreturn

1 3153 3 3160 ’
106 3147 251 3206 mortuum,
265 3143 383 3192 abstract
395 3144 438 3193 for
450 3149 582 3195 concrete.
645 3146 716 3194 from
727 3145 805 3195 exile.
840 3145 937 3206 leges:
955 3147 990 3195 cf.
1004 3147 1069 3208 §aa
1088 3147 1119 3195 24
1136 3147 1155 3199 f.

139 3218 204 3282 587.
227 3217 329 3267 14-19.
351 3219 524 3282 religiones,
538 3221 625 3271 ‘cere-
646 3234 725 3282 quae
757 3234 816 3270 nos
834 3221 1026 3279 addicerent,
1051 3221 1158 3272 ‘ahloh

107 3295 230 3347 montes!
253 3295 338 3346 What
349 3297 521 3346 aremeant?
537 3310 624 3346 sena·
647 3298 733 3347 would
757 3299 836 3347 make
864 3312 896 3347 us
924 3299 1029 3360 subject
1056 3304 1086 3348 to
1109 3313 1158 3349 our

107 3376 159 3421 tus
171 3372 314 3421 decreta:
331 3387 375 3422 see
393 3386 428 3421 on
447 3373 460 3434 ᾗ
478 3373 516 3423 13.
530 3373 570 3423 24.
606 3388 624 3423 a
645 3374 750 3424 slaves)
803 3375 913 3424 Clodius
936 3375 1068 3436 proposed
1096 3376 1158 3425 that

106 3448 279 3498 iudicibus:
291 3449 320 3498 in
329 3449 403 3498 what
414 3449 499 3499 trial?
531 3463 624 3499 vexa·
645 3451 794 3512 freednren,
808 3452 869 3500 who
888 3452 968 3501 voted
988 3453 1014 3499 in
1032 3451 1079 3500 the
1095 3451 1159 3501 four

106 3527 155 3573 rat
166 3526 317 3580 senatum,
331 3525 367 3587 by
387 3525 434 3573 the
452 3527 623 3575 unconstitu-
645 3527 698 3589 city
714 3528 797 3576 tribes
817 3527 880 3589 only
899 3526 952 3576 and
971 3527 1051 3576 could
1071 3527 1157 3577 there·

106 3601 190 3651 tional
201 3601 376 3662 proceedings
388 3599 505 3650 detailed
515 3602 541 3650 in
552 3602 620 3651 Sest.
644 3605 702 3652 foro
723 3602 855 3652 influence
877 3603 926 3651 but
949 3603 1012 3651 four
1031 3609 1106 3653 votes
1128 3604 1157 3652 in

108 3679 136 3739 ἕξ
149 3678 236 3726 55-63.
251 3688 421 3725 consensu:
434 3684 548 3726 connect
557 3679 622 3727 with
645 3680 690 3728 the
703 3681 814 3729 comitio
827 3680 940 3739 tributo,
952 3679 1048 3728 should
1062 3680 1094 3729 be
1104 3679 1158 3728 dis·

107 3755 191 3814 pecto.
234 3754 292 3802 'l'lre
315 3754 491 3816 procecdings
516 3756 622 3817 against
645 3755 762 3805 tributed
796 3769 895 3818 among
928 3756 975 3804 the
1008 3755 1156 3817 thirtyone

108 3828 226 3887 Catilina
247 3843 293 3888 are
311 3835 413 3888 meant.
459 3831 550 3896 bona,
569 3831 623 3886 do·
644 3838 759 3898 country
781 3832 873 3891 tribes,
917 3831 984 3890 This
1010 3831 1099 3890 would
1127 3831 1157 3892 ot
