2870 4376
239 302 302 368 516
589 317 662 368 rao
685 317 715 366 r.
741 317 867 366 sns'no
891 316 1041 368 ounrro.

238 504 268 548 ao
291 489 363 554 iure
379 494 530 574 rogatam
557 487 729 562 iudicarat,
748 488 856 550 iurare
882 508 971 551 unus
995 488 1171 564 noluisset,
1196 486 1240 552 de
1265 488 1348 553 civi-

291 599 360 657 tate
377 592 496 655 maluit
512 613 613 675 quam
630 590 671 655 de
687 590 855 655 sententia
878 589 1059 666 demoveri,
1076 598 1146 667 eut,
1164 599 1204 654 ut
1225 599 1347 657 vetera

290 695 454 780 exempla,
471 716 615 781 qnorum
631 702 682 759 est
698 695 793 778 eopia
809 694 912 780 digna
938 695 1039 759 huius
1067 695 1198 780 imperii
1223 697 1345 781 gloria,

290 800 479 886 relinquam
496 821 579 865 neve
604 820 720 864 eorum
736 799 894 882 aliquem,
912 799 972 882 qui
999 799 1132 874 vivunt,
1158 800 1344 877 nominem,

290 904 400 989 qualis
424 925 532 989 nuper
563 903 604 982 Q.
637 901 782 967 Catulus
814 901 891 978 luit,
924 924 1024 987 quem
1055 923 1165 987 neque
1198 904 1345 988 periculi

236 1024 266 1069 aa
289 1017 469 1094 tempestas
494 1030 604 1093 neque
629 1007 763 1071 honoris
787 1027 868 1070 aura
889 1007 1003 1091 potuit
1027 1027 1189 1092 umquam
1212 1007 1255 1072 de
1280 1030 1346 1072 suo

291 1134 391 1178 eursu
407 1120 467 1176 aut
481 1135 539 1196 spe
557 1119 617 1175 aut
633 1118 726 1176 metu
745 1109 931 1175 demovere.

218 1220 275 1281 102
331 1234 459 1280 xlviii.
486 1215 576 1282 Haec
615 1214 803 1290 imitamini,
836 1236 895 1298 per
926 1214 1005 1279 deos
1037 1215 1247 1291 immortalis,
1283 1219 1347 1300 qui

290 1321 500 1406 dignitatem,
524 1320 584 1404 qui
612 1317 756 1391 laudem,
782 1319 842 1402 qui
859 1318 1001 1402 gloriam
1018 1317 1198 1402 quaeritis!
1247 1318 1346 1384 Haeo

292 1425 401 1508 ampla
423 1431 514 1498 sunt,
539 1422 618 1488 haee
642 1421 768 1498 divina,
792 1421 872 1486 haee
896 1422 1118 1496 immortalia3
1146 1421 1229 1486 haee
1252 1421 1347 1486 fama

291 1527 509 1602 celebrantur,
527 1527 753 1590 monumentis
776 1525 949 1590 annalium
965 1524 1178 1601 mandantur,
1201 1529 1348 1610 posteri-

251 1647 266 1693 5
289 1632 351 1695 tati
367 1639 605 1717 propagantur.
646 1630 709 1694 Est
724 1629 825 1706 labor,
842 1651 909 1693 non
925 1652 1029 1716 neg03
1047 1630 1197 1714 pericula
1207 1649 1346 1716 magna,

290 1734 416 1810 fateor-3

456 1848 610 1911 miritae
642 1845 826 1912 insidiae
858 1847 958 1910 sirnt
988 1846 1110 1911 bonis

289 1976 460 2042 verissime
477 1976 604 2042 dictum
622 1984 692 2051 est;
716 1975 778 2040 sed
794 1983 827 2040 te

337 2087 394 2181 id,
420 2105 540 2191 quod
567 2106 703 2169 multi
734 2104 984 2169 invideant
1012 2105 1245 2190 multique
1281 2109 1351 2172 ex-

237 2227 265 2271 10
375 2238 379 2246 ·
549 2209 1045 2294 petantinseitiaest,

289 2325 410 2409 inquit,

336 2469 701 2546 Postulare,nisi
733 2467 934 2533 laborem
964 2470 1131 2533 stimma
1161 2491 1260 2534 eum

500 2558 506 2568 ’
628 2563 944 2638 ouraeoieras.

270 2841 272 2845 Ι
318 2778 418 2828 21-25.
434 2781 470 2826 ut
485 2813 490 2826 .
508 2813 513 2824 .
532 2813 537 2824 .
555 2776 741 2838 relinquam:
757 2776 800 2826 ior
822 2776 905 2825 taken
926 2790 963 2838 up
984 2776 1018 2838 by
1036 2776 1083 2825 the
1104 2776 1179 2826 three
1197 2777 1348 2844 following

286 2854 332 2904 the
358 2854 447 2904 clause
484 2854 518 2903 cf.
540 2853 552 2912 t
575 2853 615 2905 97.
639 2854 676 2903 15.
711 2865 799 2910 neve,
823 2852 906 2901 verbs.
951 2852 1132 2913 posteritati
1165 2864 1347 2915 propagan-

286 2931 334 2980 the
350 2931 455 2993 regular
471 2931 631 2980 connective
653 2931 697 2980 ior
719 2945 800 2994 nega·
820 2931 889 2977 tur:
926 2928 973 2976 the
1007 2927 1115 2990 regular
1150 2932 1346 2981 construction

288 3007 523 3068 tivosubjunonve
532 3007 645 3069 clauses,
659 3007 799 3057 {orithion
822 3004 909 3055 would
932 3005 964 3053 be
993 3005 1030 3054 ud
1054 3006 1256 3066 posteritatem,
1284 3009 1344 3058 and

286 3097 373 3144 neque
384 3097 438 3132 was
448 3083 513 3132 used
526 3084 555 3132 in
567 3083 633 3134 Suil.
645 3083 690 3131 25.
698 3084 738 3132 22.
763 3082 798 3142 Q.
820 3083 868 3132 the
886 3082 976 3130 dative
994 3082 1017 3130 is
1038 3081 1103 3130 used
1120 3081 1223 3144 merely
1234 3087 1265 3132 to
1284 3083 1345 3132 bal-

287 3157 423 3216 Catdlus,
447 3174 496 3209 son
514 3154 553 3210 'oi
581 3160 628 3208 the
649 3174 702 3210 one
723 3174 799 3210 men·
820 3173 886 3208 ance
930 3159 1111 3208 monumentis
1156 3159 1341 3210 moereantur.

287 3235 379 3285 tioned
396 3239 461 3297 ont
484 3236 524 3285 95.
550 3237 574 3296 6,
598 3236 693 3286 consul
710 3237 739 3284 in
756 3236 796 3296 78,
819 3234 935 3284 multae
958 3234 1099 3290 insidiae,
1118 3238 1180 3294 ete,
1197 3234 1271 3284 from
1291 3237 1343 3286 the

286 3326 380 3362 censor
398 3313 425 3360 in
438 3312 478 3370 65,
492 3311 553 3360 died
565 3312 593 3360 in
605 3312 645 3373 60,
664 3313 712 3362 the
727 3318 798 3361 most
819 3312 929 3373 tragedy
954 3310 970 3334 “
980 3312 1080 3360 Atreus
1090 3309 1107 3334 ’'
1132 3310 1162 3359 oi
1184 3309 1215 3359 L.
1240 3310 1343 3362 Attius

287 3386 437 3436 influential
450 3388 555 3436 manos
566 3387 608 3436 his
621 3388 680 3449 day.
717 3399 797 3444 aura,
820 3385 862 3448 (or
882 3386 1002 3448 Accius),
1024 3386 1071 3436 the
1094 3385 1152 3436 first
1174 3387 1203 3435 oi
1227 3385 1342 3437 Roman
1428 3389 1429 3398 ’

288 3463 351 3512 ‘the
362 3464 482 3525 enticing
494 3463 607 3512 bresith)
819 3464 980 3524 tragedians,
1001 3463 1067 3511 born
1087 3461 1142 3520 170,
1161 3462 1228 3511 with
1242 3463 1343 3514 whom

819 3538 912 3588 Cicero
925 3539 978 3587 had
997 3538 1143 3588 conversed
1162 3540 1190 3586 in
1208 3538 1252 3588 his
1271 3539 1343 3601 boy-

318 3613 652 3675 §roa.s-1s.amp1a
683 3613 797 3670 divina,
819 3616 898 3664 hood.
942 3614 1052 3675 quod
1074 3649 1080 3661 .
1103 3650 1109 3662 .
1131 3649 1138 3662 .
1161 3614 1342 3674 invideant,

286 3690 486 3740 immortalia:
504 3691 551 3739 the
563 3691 638 3739 three
650 3689 798 3752 adjectives
821 3691 925 3739 ‘which
956 3703 1036 3751 rnany
1060 3689 1200 3752 enviously
1224 3690 1339 3740 desire!

287 3768 447 3830 correspond
481 3767 656 3829 respectirely
688 3772 717 3816 to
751 3767 798 3815 the
818 3765 935 3827 inquit:
953 3779 988 3814 sc.
1001 3768 1092 3826 poeta.
1121 3765 1249 3822 ecferas.
1262 3765 1341 3817 ‘em-

257 3864 260 3870 '
288 3846 363 3896 three
385 3844 529 3908 preceding
555 3856 653 3905 nouns,
677 3843 731 3892 and
754 3857 799 3894 arc
820 3841 900 3906 ploy,’
913 3840 1056 3904 ‘expend’
