2936 4376
234 303 297 373 310
555 277 647 368 vrao
668 314 698 367 r.
724 312 845 370 sumn
869 312 1019 368 enirm.

234 509 261 556 10
284 494 432 558 tissimus
455 493 593 578 patriae,
611 491 744 564 maximi
774 492 885 567 animi,
910 493 1031 555 summi
1055 482 1194 569 consilii,
1218 493 1331 580 singu-

286 598 363 661 laris
387 598 604 672 constantiae,
618 617 694 676 cum
711 601 798 662 esset
813 601 920 681 aeger,
935 604 1044 660 tamen
1062 596 1214 660 omnibus
1231 597 1329 661 rebus

286 703 351 766 illis
375 700 540 776 interfuit,
557 721 724 786 nusquam
740 707 792 764 est
806 703 829 764 a'
842 721 893 764 me
917 699 1098 786 digressus,
1114 701 1238 777 studio,
1255 697 1332 766 conss

285 807 371 882 sili0,
387 807 586 870 auctoritate
604 815 698 870 unus·
709 803 841 868 adiuvit
857 804 1048 888 plurimum,
1066 826 1141 868 cnm
1160 805 1331 869 infirmita-

232 914 271 977 ³5
285 920 353 976 tem
382 911 527 994 corporis
562 911 689 974 virtute
722 909 824 972 animi
862 917 1045 992 superaret.
1104 908 1262 985 Videsne,
1291 917 1330 973 ut

235 1031 261 1075 15
284 1015 422 1098 eripiam
439 1023 471 1078 te
488 1036 530 1078 ex
549 1013 774 1097 improborum
797 1012 909 1078 subita
931 1013 1038 1098 gratia
1062 1019 1096 1076 et
1119 1014 1330 1079 reconciliem

286 1118 381 1183 bonis
404 1118 584 1182 omnibus?
607 1117 667 1202 qui
691 1123 724 1180 te
746 1124 782 1180 et
804 1115 953 1202 diligunt
975 1125 1011 1180 et
1038 1118 1184 1182 retinent
1213 1119 1331 1182 retine·

286 1223 440 1306 buntque
456 1243 588 1305 semper
611 1242 682 1297 nec,
699 1221 727 1284 si
745 1219 831 1284 forte
847 1219 866 1284 a
882 1242 934 1284 me
951 1220 1139 1297 desciveris,
1158 1221 1279 1286 idcirco
1297 1229 1328 1287 te

285 1348 305 1390 a
319 1348 354 1392 se
371 1334 406 1391 et
420 1347 440 1389 a
456 1325 636 1410 republica
652 1332 687 1389 et
701 1346 720 1388 a
733 1334 792 1388 tua
808 1324 974 1410 dignitate
991 1324 1131 1390 deficere
1147 1327 1328 1410 patientur.

287 1430 353 1495 Sed
369 1431 434 1493 iam
451 1429 549 1494 redeo
564 1428 606 1493 ad
623 1449 755 1492 causam
772 1437 873 1512 atque
890 1428 951 1492 hoc
968 1450 1037 1505 vos,
1055 1428 1191 1505 iudices
1206 1437 1328 1494 testor:

233 1550 262 1595 ao
286 1534 371 1598 Mihi
387 1529 429 1598 de
445 1541 569 1598 memet
584 1533 656 1617 ipso
673 1540 741 1596 tam
758 1533 864 1596 multa
880 1531 1013 1596 dicendi
1038 1533 1215 1598 necessitas
1233 1554 1332 1618 quae-

287 1638 363 1702 dam
386 1639 542 1722 imposita
565 1645 617 1702 est
640 1637 681 1702 ab
700 1637 768 1701 illo.
817 1636 912 1713 Nam,
928 1639 956 1701 si
981 1638 1173 1722 Torquatus
1201 1637 1330 1701 Sullam

286 1743 394 1808 solum
413 1750 612 1815 accusasset,
630 1763 692 1828 ego
715 1763 849 1827 quoque
874 1740 935 1804 hoc
960 1749 1107 1825 tempore
1132 1741 1215 1804 nihil
1238 1740 1330 1804 aliud

286 1869 418 1934 agerem
434 1847 498 1911 nisi
515 1868 602 1922 eum,
619 1847 678 1930 qui
694 1853 870 1910 accusatus
894 1855 992 1921 esset,
1009 1845 1243 1922 defenderem3
1270 1846 1332 1911 sed

287 1973 364 2016 cum
380 1952 437 2016 ille
454 1959 525 2015 tota
541 1951 598 2014 illa
614 1951 762 2014 oratione
780 1951 814 2013 in
830 1972 881 2015 me
899 1958 988 2015 esset
1008 1951 1162 2016 invectus
1186 1959 1222 2015 et
1242 1973 1331 2028 cunr,

234 2073 263 2118 aa
286 2064 325 2120 ut
348 2057 443 2120 initio
470 2055 551 2131 dixi,
567 2054 805 2119 defensionem
831 2076 938 2119 meam
965 2055 1108 2139 spoliare
1133 2055 1332 2119 auctoritate

289 2161 460 2236 voluisset,
484 2160 614 2224 etiamsi
642 2180 734 2223 meus
761 2181 812 2223 me
841 2159 936 2223 dolor
959 2158 1159 2243 respondere
1187 2180 1253 2223 non
1280 2161 1334 2224 do-

287 2272 392 2351 geret,
403 2272 513 2328 tamen
526 2265 599 2348 ipsa
608 2285 707 2328 eausa
716 2263 802 2327 hanc
812 2284 831 2327 a
843 2285 894 2328 me
907 2264 1091 2328 orationem
1101 2261 1332 2350 flagitavisset.

287 2495 349 2530 men
374 2480 403 2529 oi
430 2479 584 2543 equestrian
609 2480 697 2528 rank
723 2480 797 2528 who
820 2480 888 2542 itary
896 2481 991 2542 words,
1005 2481 1254 2544 ascoatuberaclia,
1267 2479 1330 2538 iat.

286 2557 404 2620 guarded
432 2556 479 2605 the
507 2555 606 2617 temple
628 2555 657 2604 oi
690 2555 798 2617 Jupiter
819 2558 843 2618 6,
857 2558 949 2607 above.

287 2634 378 2683 Stator
390 2633 490 2696 during
501 2633 546 2681 the
565 2633 727 2682 memor-able
745 2646 798 2682 ses·
851 2634 952 2683 19-25.
970 2636 1066 2685 redeo
1084 2635 1140 2698 ⁸ud
1166 2648 1334 2686 caueam.

287 2709 346 2758 sion
356 2709 385 2757 of
397 2709 444 2757 the
456 2713 548 2757 senate
560 2722 595 2757 on
607 2707 676 2757 Nov.
687 2708 744 2770 ath,
754 2708 797 2757 63:
821 2711 913 2762 Cicero
925 2713 1025 2762 admits
1035 2714 1095 2762 that
1103 2714 1146 2762 his
1156 2714 1248 2763 attach
1258 2729 1332 2776 upon

288 2797 332 2833 see
344 2798 369 2846 p.
383 2783 423 2845 31,
437 2783 500 2844 550.
821 2788 974 2851 'l'orquatus
986 2790 1035 2838 has
1047 2790 1163 2852 nothing
1175 2790 1249 2839 todo
1267 2790 1333 2838 with

318 2857 425 2915 12213·
449 2857 598 2913 interfuit·
629 2856 709 2906 ‘took
736 2863 797 2921 part
821 2864 867 2916 the
879 2878 951 2914 case:
968 2878 1012 2914 see
1024 2866 1089 2915 Exe.
1105 2865 1142 2914 11.
1157 2867 1170 2926 ς
1184 2866 1221 2914 13.
1258 2864 1333 2914 hoe:

288 2935 336 2984 in.'
381 2945 549 2995 nusquam:
573 2934 628 2982 this
653 2935 752 2984 adverb
774 2935 796 2984 is
822 2941 864 2990 tor
885 2954 946 2990 ease
967 2941 1002 2990 ci.
1024 2941 1105 3002 quod,
1129 2942 1183 3002 59.
1205 2943 1247 3001 153
1264 2941 1287 2993 t.
1305 2942 1330 2991 9.

288 3011 352 3061 used
382 3011 447 3059 with
475 3009 552 3058 verbs
578 3010 608 3059 oi
636 3011 739 3060 motion
768 3026 797 3060 as
821 3020 949 3066 memet:
970 3017 1013 3066 ior
1035 3018 1105 3066 form
1129 3031 1172 3067 see
1190 3017 1223 3066 A.
1248 3018 1280 3066 99
1296 3016 1334 3078 f,·

289 3088 347 3138 well
364 3102 393 3138 as
411 3092 473 3146 rest,
489 3088 641 3150 answertng
658 3089 704 3136 the
722 3102 798 3150 ques·
821 3092 853 3142 G.
869 3094 915 3143 100
928 3094 1003 3143 Rern.
1019 3095 1045 3156 13
1059 3094 1093 3143 H.
1108 3094 1193 3150 1843:
1210 3090 1240 3143 B.
1270 3092 1337 3143 842.

287 3166 360 3216 tione
379 3164 526 3214 ‘whither’
545 3164 598 3214 and
616 3165 747 3227 ‘where3’
768 3180 798 3215 so
820 3168 994 3217 necessitas
1006 3168 1166 3230 quaedem,
1181 3171 1212 3218 ‘a
1230 3174 1286 3218 sort
1303 3169 1334 3218 of

289 3243 480 3303 alsouaquam..
516 3254 596 3291 unus
614 3242 795 3304 plurimum:
820 3244 1016 3307 compulsion3’
1054 3245 1095 3294 ior
1124 3245 1177 3294 this
1205 3245 1335 3308 meaning

289 3333 378 3369 aeeon
391 3319 455 3379 §29-
470 3320 492 3368 5.
820 3321 850 3370 oi
867 3321 1002 3383 quaedam
1027 3321 1063 3370 ci.
1084 3320 1132 3372 IV.
1154 3320 1200 3369 13.
1221 3322 1264 3381 5ος
1286 3320 1333 3369 11.

321 3398 391 3459 535.
409 3395 510 3445 14-18.
528 3392 720 3446 videsne:
755 3397 799 3448 ior
822 3397 958 3458 113219.
997 3400 1033 3445 ut
1045 3397 1222 3455 initiodlxl,
1236 3397 1263 3446 in
1282 3397 1332 3458 §2-

289 3474 362 3524 iorce
381 3474 411 3523 oi
427 3487 471 3524 ·ne
491 3488 535 3523 see
555 3487 591 3524 on
613 3474 633 3524 Ι.
655 3473 720 3524 ’1.8.
762 3479 798 3523 ut
822 3475 906 3524 16-21.

289 3550 423 3612 eripiam,
443 3549 519 3602 ‘how
537 3551 549 3600 1
568 3565 621 3611 am,
635 3550 714 3612 ete.;’
733 3553 764 3600 ut
776 3553 798 3600 is

290 3628 352 3676 here
369 3640 404 3675 an
423 3626 612 3689 interrogative
628 3627 799 3687 adverbum
854 3627 912 3677 The
929 3627 1028 3678 second
1045 3634 1105 3690 part
1122 3629 1151 3677 oi
1168 3628 1213 3677 the
1225 3625 1333 3689 speech,

289 3703 504 3765 aconjsrnetion:
516 3703 551 3751 ci.
562 3703 630 3751 Mur.
639 3702 685 3751 22.
695 3703 726 3752 49
735 3702 800 3764 (two
822 3703 931 3767 dealing
948 3705 1013 3754 with
1030 3707 1078 3754 the
1100 3704 1206 3767 speeifle
1222 3703 1337 3766 charges

290 3779 445 3842 examples).
492 3777 611 3840 Explain
640 3778 686 3828 the
709 3779 797 3828 mood.
823 3781 927 3842 against
949 3781 1024 3831 Sulla
1047 3780 1089 3843 (ἕξ
1105 3779 1210 3844 36-68)τ
1232 3793 1276 3830 see
1298 3793 1337 3830 on

290 3854 469 3930 desciveris,
477 3854 619 3913 deficere,
629 3855 732 3918 strictly
741 3856 800 3904 mii·
823 3855 924 3919 Trita,
939 3857 1036 3909 oratio.
