2936 4376
241 285 345 353 180»
479 289 522 346 1u
543 289 754 346 certarnen
776 293 916 346 ounrro
939 291 1102 356 qunurn.

230 508 234 521 .
275 472 326 530 rat,
340 481 432 532 sparos
443 473 491 517 aut
502 467 617 530 lanceas,
631 467 676 518 alii
693 481 784 532 praea·
810 467 892 532 fugae
903 482 990 532 neque
1005 469 1122 532 praesidi
1138 469 1224 522 ullam
1239 481 1324 537 spem,

243 547 255 590 l
275 550 349 595 cutas
360 545 441 594 sudis
459 544 611 607 portabant.
647 545 698 594 Sed
714 550 785 608 post-
811 549 955 607 optumum
979 546 1055 595 iactu
1077 550 1151 596 ratus
1173 547 1203 597 in
1225 546 1274 598 tali
1295 562 1325 600 re

275 635 356 684 quam
374 621 512 670 Antonius
530 634 591 670 cum
608 621 729 670 exercitu
739 621 784 670 ed·
811 615 950 670 iortuuain
975 621 1036 671 belli
1062 625 1203 686 temptare,
1228 626 1324 676 statuit

275 696 411 757 ventabat,
426 694 544 744 Catilina
560 709 608 758 per
619 695 720 746 montis
733 697 786 746 iter
810 709 873 746 cum
890 697 1013 748 Antonio
1029 711 1110 762 quam
1127 699 1245 763 primum
1261 714 1326 752 con·

274 773 370 833 iacere,
390 771 523 822 modoad
544 772 638 822 urbem
657 771 738 821 modo
756 773 784 820 in
811 771 908 836 digere.
1223 792 1232 802 1

275 848 391 897 Galliam
425 862 518 898 vorsus
551 853 638 897 castra
666 860 783 910 movere,
842 885 1275 904 ...........

274 926 397 974 hostibus
404 925 572 975 occasionem
580 923 719 988 pugnandi
729 937 784 974 non

274 999 349 1049 dare:
369 999 493 1061 sperabat
503 999 660 1061 propediem
672 1011 784 1060 magnas
842 1000 887 1050 59.
928 1039 934 1052 .
970 1039 977 1053 .
1013 1040 1019 1053 .
1053 1002 1194 1066 paululum
1205 1019 1323 1056 commo-

274 1076 363 1137 copias
383 1089 440 1124 sese
459 1075 624 1136 habiturum,
639 1075 662 1124 si
683 1075 784 1123 Romae
810 1083 893 1138 ratus,
906 1078 983 1140 signa
995 1091 1091 1128 canere
1104 1078 1178 1130 iubet
1190 1087 1270 1143 atque
1283 1083 1323 1131 iu-

241 1159 255 1204 d
273 1152 337 1200 socii
347 1153 453 1213 incepta
460 1151 647 1213 patravissent.
677 1151 785 1200 Interea
810 1156 926 1224 structos
938 1151 1045 1218 ordines
1058 1153 1087 1202 iu
1106 1153 1194 1204 locum
1207 1169 1320 1218 aequom

273 1227 382 1275 servitia
393 1228 561 1290 repudiabat,
572 1230 649 1278 cuius
660 1229 738 1278 initio
748 1229 782 1278 ad
810 1226 926 1275 deducit.
974 1227 1042 1276 Dein
1065 1231 1175 1280 remotis
1198 1233 1320 1282 omnium

273 1317 335 1352 eum
347 1317 459 1365 magnae
471 1305 563 1366 copiae
577 1306 780 1363 concurrebant,
809 1302 894 1364 equis,
928 1317 980 1366 quo
1011 1303 1141 1354 militibus
1172 1314 1320 1370 exaequato

272 1379 368 1441 opibus
386 1380 580 1430 coniurationis
594 1380 687 1442 fretus,
701 1382 782 1431 simul
809 1379 927 1440 periculo
958 1381 1065 1430 animus
1096 1383 1211 1444 amplior
1242 1391 1319 1444 esset,

272 1455 390 1504 alienum
422 1456 478 1505 suis
510 1457 660 1507 rationibus
684 1460 783 1508 existu-
809 1453 865 1515 ipse
894 1455 974 1516 pedes
1002 1457 1151 1505 exercitum
1182 1472 1231 1520 pro
1262 1459 1320 1510 loco

272 1545 358 1592 mans,
371 1532 455 1580 videri
475 1547 584 1581 causam
602 1534 701 1583 civium
719 1549 781 1584 cum
808 1531 979 1593 atquecoplis
989 1532 1107 1582 instruit.
1133 1533 1204 1583 Nam
1213 1535 1352 1598 nupia-2

272 1607 355 1656 servis
366 1607 488 1670 fugitivis
499 1610 747 1660 communicavisse,
808 1606 888 1655 nities
900 1611 957 1656 erat
970 1608 1041 1656 inter
1050 1609 1171 1660 sinistros
1181 1613 1281 1661 montis
1293 1618 1320 1662 et

303 1681 348 1731 57.
366 1682 418 1732 Sed
451 1689 595 1746 postquam
629 1687 658 1734 in
693 1693 781 1737 castra
807 1681 841 1729 ab
851 1681 961 1730 dextera
969 1696 1034 1744 rupe
1044 1697 1146 1745 aspera,
1157 1691 1218 1735 octo
1227 1688 1319 1737 cohor-

271 1758 384 1807 nuntius
402 1760 524 1820 pervenit
542 1760 643 1810 Romae
659 1764 782 1812 conium.
807 1755 842 1805 tis
855 1757 882 1805 in
895 1758 983 1806 fronte
996 1760 1145 1820 constituit,
1157 1761 1319 1824 reliquarum

270 1833 373 1882 tionem
385 1834 559 1895 patefactam,
573 1836 606 1885 de
626 1836 743 1888 Lentulo
754 1844 782 1888 et
807 1831 884 1894 signa
901 1833 929 1880 in
946 1833 1064 1882 subsidio
1081 1836 1166 1885 artius
1184 1837 1319 1888 conlocat:

271 1906 390 1972 cethego
424 1911 573 1974 ceterisque
605 1926 672 1974 quos
700 1928 782 1976 supra
807 1905 840 1954 ab
852 1907 890 1956 eis
907 1909 1075 1958 centuriones
1087 1911 1184 1973 omnis,
1197 1911 1280 1962 lectos
1291 1915 1351 1963 et3

269 1985 417 2033 memoravi
446 1986 610 2048 supplicium
632 1995 779 2050 sumptum,
807 1988 939 2044 eV008i0³2
965 1991 1101 2045 praeterea
1127 2001 1161 2036 θΧ
1191 1989 1318 2051 gregarii*

270 2057 398 2122 plerique,
412 2075 478 2122 quos
494 2062 527 2110 ad
546 2062 646 2111 bellum
665 2077 726 2125 spes
741 2078 782 2113 ra·
807 2056 938 2106 militibus
956 2065 1098 2120 Optumum
1123 2075 1255 2125 ‘luemque
1278 2079 1317 2112 ar·

269 2135 396 2196 pinarum
408 2142 454 2185 aut
467 2152 599 2187 novarum
618 2153 707 2188 rerum
726 2146 781 2190 stu·
807 2139 911 2181 matum
924 2134 952 2182 5¹¹
965 2135 1079 2195 primam
1089 2137 1173 2185 asslssffi
1183 2138 1315 2189 subducit·

268 2210 481 2268 diumillexerat‚
491 2213 655 2274 dilabuntur,
665 2215 781 2278 reliquos
806 2206 836 2256 C·
860 2209 993 2257 Manlium
1017 2210 1046 2258 in
1069 2211 1172 2273 dextra,
1193 2213 1318 2264 Faesula·

269 2284 387 2335 catilina
403 2300 451 2349 per
465 2289 566 2337 montis
583 2303 691 2350 asperos
708 2304 781 2352 mag.
806 2297 872 2332 rrum
885 2285 1018 2346 quendam
1027 2287 1055 2334 in
1067 2288 1177 2338 sinistra
1189 2296 1317 2352 partecu·

268 2360 311 2409 uis
329 2361 470 2411 itineribus
488 2363 516 2410 in
528 2377 623 2425 agrum
634 2363 781 2413 Pistorien-
806 2373 863 2408 rare
881 2359 967 2410 iubet:
995 2361 1052 2424 ipse
1075 2378 1137 2414 cum
1164 2365 1266 2416 libertis
1287 2372 1316 2417 et

268 2451 324 2486 seru
346 2437 456 2487 abducit
479 2453 510 2487 eo
530 2439 650 2500 consilio,
670 2442 709 2490 uti
732 2455 780 2503 per
805 2436 945 2487 calonibus
958 2441 1191 2504 propteraquilam
1199 2443 1315 2506 adsistit,

267 2514 389 2563 tramites
402 2514 505 2564 occulte
514 2516 667 2578 perfugeret
676 2518 704 2566 in
717 2516 780 2568 Gal·
804 2526 886 2575 quam
899 2513 967 2564 bello
980 2513 1115 2566 Cimbrico
1127 2517 1157 2567 O.
1172 2519 1274 2569 Marlus
1287 2521 1315 2569 in

236 2595 251 2640 2
268 2587 332 2637 liam
343 2588 560 2652 Transalpinam.
587 2591 624 2640 At
640 2591 671 2652 Q.
686 2593 779 2643 Metel·
804 2591 925 2640 exercitu
936 2589 1061 2641 habuisse
1073 2593 1216 2645 dicebatur.
1390 2659 1392 2663 Ι

268 2663 309 2714 lus
321 2664 399 2715 Celer
410 2680 471 2715 curn
484 2667 569 2716 tribus
587 2666 737 2730 legionibus
749 2670 778 2719 in
835 2664 874 2714 At
889 2680 921 2715 ex
933 2667 1018 2717 altera
1029 2675 1106 2732 parte
1123 2669 1152 2721 C.
1167 2671 1312 2733 Antonius,
1332 2673 1346 2717 4

267 2754 331 2803 agro
349 2741 448 2790 Piceno
465 2742 642 2804 praesidebat,
660 2758 693 2792 ex
710 2745 778 2794 (11111-
803 2742 915 2804 pedibus
926 2757 1006 2806 aeger
1016 2747 1088 2807 quod
1105 2748 1206 2808 proelio
1223 2751 1315 2800 adesse

267 2817 368 2867 cultate
390 2832 481 2867 rerum
499 2819 593 2867 eadem
614 2819 659 2868 illa
678 2821 778 2871 existu-
803 2819 940 2881 nequibat,
957 2819 993 2870 M.
1012 2822 1117 2872 Petreio
1135 2823 1222 2888 legato
1240 2841 1314 2875 exer·

266 2906 352 2956 mans,
366 2908 434 2956 quae
446 2908 527 2956 supra
544 2895 671 2955 diximus,
685 2897 778 2947 Catili·
802 2896 886 2944 citum
903 2897 1044 2959 permittit.
1081 2899 1129 2948 1110
1141 2902 1259 2952 cohortis
1270 2917 1313 2953 re·
1329 2905 1343 2950 d

234 2972 250 3017 3
266 2981 331 3016 nam
343 2969 452 3031 agitare.
489 2969 577 3032 Igitur
590 2970 636 3019 ubi
654 2971 706 3020 iter
719 2975 776 3024 eius
802 2976 917 3032 teranas,
931 2987 997 3036 quas
1009 2974 1141 3025 tumultus
1160 2990 1240 3026 causa
1252 2993 1316 3028 cou-

266 3058 299 3092 ex
317 3046 436 3108 perfugis
456 3047 590 3108 cognovit,
611 3054 698 3097 castra
718 3064 777 3112 pro·
802 3049 952 3111 scripserat,
982 3051 1011 3099 lu
1044 3052 1142 3113 fronte,
1174 3059 1235 3116 post
1268 3070 1312 3105 eas

265 3131 329 3180 pere
345 3119 429 3168 movit
447 3133 477 3168 ac
494 3120 545 3169 sub
563 3121 628 3183 ipsis
644 3123 776 3174 radicibus
802 3131 921 3174 ceterum
954 3127 1102 3176 exercitum
1131 3130 1159 3177 in
1186 3131 1312 3180 subsidiis

265 3194 399 3242 montium
411 3195 541 3257 consedit,
555 3211 608 3258 qua
619 3196 658 3246 1111
669 3198 776 3248 descen·
802 3201 884 3252 locat:
903 3204 959 3265 ipse
971 3218 1040 3266 equo
1053 3206 1212 3256 circumiens
1226 3223 1311 3258 unum

265 3283 311 3318 sus
338 3277 395 3318 erat
418 3271 445 3319 in
473 3271 589 3320 Galliam
611 3277 773 3336 properanti.
801 3292 934 3341 quemque
952 3281 1095 3330 nominans
1112 3283 1230 3345 appellat
1252 3285 1312 3334 hor·

265 3343 359 3408 Neque
372 3352 461 3395 tamen
471 3347 608 3397 Antonius
616 3350 707 3411 procul
715 3351 776 3400 abe·
801 3359 875 3403 tatur
902 3351 987 3418 rogat,
1017 3363 1048 3406 ut
1076 3359 1249 3409 meminerint
1283 3375 1310 3410 ss

233 3425 315 3480 4rat,
340 3427 433 3484 utpote
455 3423 501 3484 qul
530 3437 628 3486 magno
655 3427 775 3477 exercitu
801 3435 894 3479 contra
917 3431 1034 3482 latrones
1055 3434 1180 3495 inermos,
1200 3450 1248 3498 pro
1266 3451 1312 3499 pa*

265 3494 329 3544 loeis
341 3497 511 3558 aequioribus
529 3500 670 3561 expeditus
688 3503 775 3551 tarda·
801 3507 852 3554 tria
875 3521 923 3568 pro
951 3508 1050 3569 liberis,
1074 3524 1124 3572 pro
1152 3511 1205 3560 aris
1230 3519 1310 3575 atque

233 3581 248 3625 5
265 3577 307 3620 tos
320 3572 347 3620 iu
359 3573 424 3634 iuga
442 3580 603 3635 sequeretur.
639 3576 690 3625 Sed
704 3577 775 3626 Cati·
800 3582 868 3630 focis
886 3583 941 3632 suis
958 3592 1067 3634 certare.
1105 3586 1195 3636 Homo
1213 3588 1341 3638 milita-6

265 3645 321 3696 lina
353 3654 497 3710 postquam
530 3651 604 3698 videt
637 3653 774 3702 montibus
800 3656 845 3714 ris,
864 3659 934 3718 quod
957 3659 1073 3722 amplius
1090 3675 1176 3712 annos
1199 3665 1310 3726 triginta

264 3727 345 3785 atque
370 3724 454 3786 copiis
477 3725 597 3774 hostium
621 3740 678 3775 sese
703 3728 774 3777 clau·
800 3730 925 3781 tribunus
941 3739 988 3783 aut
1006 3736 1158 3797 praefectus
1176 3749 1223 3787 aut
1240 3741 1310 3802 lega·

264 3812 333 3864 sum,
352 3799 381 3849 in
397 3799 462 3849 urbe
478 3813 520 3850 res
536 3800 672 3863 advorsae,
686 3817 773 3866 neque
800 3810 844 3855 tus
856 3812 903 3857 aut
915 3815 1021 3871 praetor
1037 3824 1098 3860 cunr
1111 3827 1209 3876 magua
1224 3814 1310 3878 gloria
