2936 4376
260 306 324 376 34¹2
607 321 681 376 rao
703 321 733 375 r.
756 320 879 378 sunni
901 321 1050 377 omino.

260 514 287 558 15
310 505 430 562 natura
445 497 610 581 cuiusque
626 517 704 562 cum
723 498 835 574 animi,
853 505 925 564 turn
948 500 1104 583 corporis,
1121 493 1210 585 regit
1232 497 1359 584 quaesi·

311 609 374 676 tor,
390 599 496 665 flectit
518 600 632 675 libido,
650 603 834 686 corrumpit
852 623 938 686 spos
956 603 1102 666 infirmat
1126 613 1245 678 metus,
1262 612 1303 668 ut
1324 605 1357 668 in

310 713 363 769 tot
378 726 487 768 rerum
500 705 666 790 angustiis
684 705 769 770 nihil
782 706 918 772 veritati
935 706 1000 770 loci
1016 707 1238 791 relinquatur.
1278 708 1359 772 Vita

311 809 349 872 P.
363 807 478 872 Sullae
495 815 701 892 torqueatur,
719 830 761 872 ex
777 829 816 872 ea
832 816 1022 892 quaeratur,
1037 832 1118 874 num
1142 833 1228 896 quae
1252 813 1356 876 occul·

309 920 401 976 tetur
415 910 529 987 libid0,
547 933 629 974 num
644 911 736 996 quod
758 913 864 976 lateat
885 911 1027 988 facinus,
1044 936 1125 977 num
1142 936 1228 1000 quae
1245 915 1359 981 crude-

256 1028 286 1074 20
307 1017 394 1091 litas,
408 1037 489 1078 num
506 1037 591 1100 quae
608 1015 756 1080 audacia.
802 1015 896 1080 Nihil
913 1018 1033 1082 erroris
1050 1019 1115 1082 erit
1130 1020 1164 1082 in
1181 1039 1281 1084 causa
1296 1041 1357 1084 nce

309 1119 532 1194 obscuritatis,
550 1119 689 1195 iudices,
706 1121 734 1184 si
757 1119 887 1193 avobis
908 1122 998 1186 vitae
1022 1130 1202 1206 perpetuae
1226 1145 1303 1200 vox,
1320 1145 1359 1188 ea

309 1245 394 1309 quae
425 1224 598 1288 verissima
634 1232 669 1288 et
705 1225 901 1310 gravissima
939 1225 1039 1292 debet
1076 1249 1160 1304 esse,
1191 1227 1357 1292 audietur.

257 1335 295 1396 79
307 1329 448 1392 Nullum
465 1329 499 1390 in
516 1328 577 1392 hac
595 1349 695 1392 causa
718 1336 839 1393 testem
862 1330 1030 1406 timemus,
1048 1331 1132 1396 nihil
1156 1353 1359 1417 quemquam

308 1433 403 1508 scire,
436 1431 520 1498 nihil
555 1431 691 1508 vidisse,
719 1433 804 1496 nihil
828 1433 976 1500 'audisse
1022 1434 1230 1500 arbitramur.
1291 1435 1359 1501 Sed

255 1551 284 1597 25
306 1544 429 1612 tamen,
453 1537 481 1599 si
507 1535 593 1598 nihil
617 1558 677 1601 vos
702 1536 741 1599 P.
760 1535 875 1602 Sullae
903 1536 1042 1603 fortuna
1072 1547 1194 1615 movet,
1218 1540 1357 1614 iudices,

309 1648 421 1706 vestra
437 1647 579 1704 moveat.
625 1640 750 1706 Vestra
766 1642 864 1719 enim,
879 1644 937 1727 qui
954 1665 1030 1707 curn
1046 1665 1175 1708 summa
1191 1645 1359 1731 elegantia

308 1753 409 1830 atque
429 1745 625 1831 integritate
650 1745 795 1822 vixistis,
810 1747 873 1811 hoo
897 1749 1040 1813 maxime
1063 1749 1214 1825 interest,
1231 1770 1298 1813 non
1314 1771 1358 1814 ex

307 1848 447 1913 libidine
482 1856 542 1912 aut
579 1849 750 1914 simultate
790 1856 852 1913 aut
888 1851 1027 1915 levitate
1065 1852 1205 1915 testium
1242 1873 1359 1918 causas

307 1953 524 2018 honestorum
546 1953 721 2017 hominum
744 1954 932 2038 ponderari,
948 1955 1006 2019 scd
1022 1956 1056 2018 in
1081 1957 1210 2041 magnis
1234 1955 1362 2041 disqui-

152 2091 158 2102 ·
255 2074 284 2120 30
306 2057 483 2122 sitionibus
500 2058 752 2142 repentinisque
770 2060 929 2142 periculis
946 2061 1051 2122 vitam
1067 2061 1168 2124 unius
1192 2061 1359 2145 cuiusque

307 2183 379 2226 esse
411 2169 543 2226 testem.
593 2160 703 2240 Quam
735 2183 804 2238 voS,
836 2162 974 2237 iudices,
1007 2163 1111 2227 nolite
1150 2164 1249 2228 armis
1286 2165 1360 2228 suis

307 2266 483 2350 spoliatam
510 2272 612 2348 atque
635 2265 796 2330 nudatam
819 2266 947 2332 obicere
970 2266 1128 2344 invidiae,
1145 2267 1266 2332 dedere
1288 2289 1362 2332 sus-

306 2369 451 2454 picioni3
480 2370 609 2432 munite
632 2390 842 2434 communem
864 2392 973 2435 arcem
997 2371 1169 2447 bonorum,
1194 2371 1360 2438 obstruite

307 2472 461 2559 perfugia
499 2472 747 2557 improborum3
786 2475 897 2539 valeat
927 2483 961 2540 et
992 2474 1033 2538 ad
1072 2496 1212 2559 poenam
1250 2483 1285 2540 et
1315 2475 1362 2540 ad

253 2589 283 2636 35
305 2577 447 2642 salutern
475 2576 666 2660 plurimum,
686 2598 786 2661 quam
812 2579 918 2642 solam
945 2579 1067 2644 vidctis
1099 2580 1203 2664 ipsam
1231 2599 1273 2644 ex
1297 2600 1363 2645 sua

303 2730 339 2779 go
358 2717 385 2766 in
406 2717 491 2778 pairs:
509 2730 552 2766 see
577 2730 612 2764 on
638 2717 692 2777 §at
713 2717 741 2779 63
775 2717 822 2766 the
878 2717 943 2779 §aa
964 2717 1064 2766 23-32.
1081 2717 1166 2774 nihil,
1178 2717 1262 2772 nihil.
1274 2716 1361 2775 nihil,

304 2795 447 2856 metaphor
459 2795 486 2842 in
499 2795 547 2843 the
560 2794 618 2844 first
634 2795 694 2862 pair
712 2794 734 2844 is
751 2793 822 2844 from
845 2793 900 2854 i.e.,
924 2795 1041 2855 nothing
1063 2794 1287 2856 compromislng:
1315 2793 1362 2844 ior

304 2872 350 2920 the
363 2871 516 2933 steeringof
528 2871 612 2933 ships,
624 2871 652 2918 in
665 2871 711 2919 the
723 2871 821 2920 second
845 2870 891 2920 the
911 2870 994 2932 figure
1014 2883 1058 2918 see
1076 2883 1112 2918 on
1134 2870 1155 2918 1.
1169 2869 1195 2917 1.
1207 2869 1231 2926 3,
1244 2868 1298 2918 and
1311 2883 1362 2920 no-

303 2949 362 3010 pair
374 2948 444 2996 from
457 2949 504 2996 tire
521 2948 634 3010 guiding
646 2948 675 2996 of
686 2949 786 2997 liorses.
844 2947 897 2995 tice
909 2947 955 2995 the
967 2946 1112 2996 difference
1125 2947 1153 2996 in
1162 2946 1357 2996 construction.

335 3023 435 3072 15-22.
466 3023 619 3084 cuiusque
638 3059 643 3071 .
662 3058 668 3070 .
687 3059 693 3071 .
712 3024 821 3072 animi:
843 3023 881 3070 si
896 3025 1031 3072 movet
1048 3058 1053 3070 .
1072 3059 1077 3071 .
1095 3058 1101 3071 .
1119 3025 1292 3072 moveat:
1315 3022 1362 3072 ior

305 3113 348 3150 see
371 3113 406 3149 on
433 3100 514 3150 huius
535 3100 665 3160 periculi,
690 3102 703 3162 ς
732 3102 754 3149 2.
780 3102 819 3150 20.
845 3101 938 3148 moods
950 3114 994 3148 see
1006 3113 1041 3149 on
1056 3099 1105 3150 IV.
1119 3099 1144 3148 2.
1157 3099 1245 3151 20-2Ἷ.Ι
1279 3097 1361 3148 Vos·

244 3231 247 3236 ,
305 3176 470 3236 quaesitor,
493 3176 540 3224 the
568 3176 706 3238 presiding
732 3175 822 3225 offieer
843 3176 977 3237 tra.qui:
995 3190 1039 3226 see
1057 3191 1092 3225 on
1112 3176 1133 3225 1.
1148 3175 1173 3224 7.
1186 3177 1226 3236 22,
1240 3175 1294 3224 and
1314 3175 1362 3226 for

305 3253 334 3301 oi
347 3253 394 3302 the
405 3257 491 3313 court,
506 3259 554 3301 not
566 3253 613 3302 the
626 3258 742 3302 tortnrer
756 3251 821 3313 (tor·
843 3267 904 3302 case
912 3254 942 3304 of
951 3255 1042 3304 vestra
1052 3253 1087 3303 ci.
1098 3266 1157 3302 mea
1166 3253 1180 3315 ᾖ
1190 3255 1212 3302 2.
1223 3253 1262 3302 23.
1297 3251 1362 3302 sle·

306 3326 369 3389 tor).
403 3327 510 3384 libido,
523 3328 529 3351 ‘
540 3329 673 3391 capricez’
689 3343 724 3378 se.
739 3342 821 3390 quae·
843 3330 953 3390 gantis,
966 3328 1160 3379 ‘retinement’
1182 3327 1362 3378 nolltsobi·

305 3405 405 3454 atteris.
435 3416 521 3465 spes:
538 3419 573 3454 sc.
588 3407 667 3454 servi.
691 3404 820 3461 facinus,
843 3416 927 3454 cers:
945 3406 979 3454 ci.
994 3407 1007 3467 5
1024 3406 1185 3466 76.16,and
1203 3406 1293 3454 notice
1310 3405 1362 3456 the

307 3479 424 3540 ‘crima’
449 3480 548 3542 always
572 3482 599 3529 in
624 3495 640 3530 a
664 3481 715 3530 bad
744 3493 821 3530 sense
843 3481 983 3545 following
994 3482 1139 3532 chiasmus.

200 3605 202 3609 ,
305 3555 396 3605 unless
413 3557 603 3618 accompanied
623 3557 658 3618 by
673 3570 689 3605 a
706 3556 820 3618 compli·
875 3556 975 3606 33-35.
993 3568 1097 3606 arcem
1119 3558 1282 3613 bonorum.
1301 3558 1361 3618 i.e.‚

305 3637 427 3694 mentary
451 3633 597 3694 adjective:
621 3633 642 3680 it
665 3646 720 3681 was
743 3633 821 3694 origi·
843 3632 1004 3694 agoodlife.
1040 3631 1198 3681 obstruite
1210 3630 1363 3693 perfugia,

306 3707 378 3770 nally
398 3722 414 3757 a
433 3721 482 3757 coa
505 3709 604 3756 taedia.
641 3707 819 3756 verissima:
846 3707 957 3756 ‘cutoff
974 3707 1151 3758 theretreat.’
1187 3702 1360 3758 valeatne.

306 3797 342 3834 sc.
358 3785 406 3845 est,
422 3784 493 3832 from
505 3797 561 3834 esse
574 3783 670 3846 debet,·
687 3784 722 3833 ct.
737 3784 768 3844 ἓξ
781 3784 817 3832 10.
843 3784 901 3833 otta
930 3785 995 3832 with
1026 3784 1116 3833 which
1143 3797 1227 3846 quam
1254 3797 1362 3846 agrees.

305 3859 438 3926 8231.1t.
843 3859 1022 3924 plurimum:
1035 3859 1078 3911 ior
1089 3873 1150 3912 osse
1162 3860 1197 3912 ci.
1208 3859 1278 3913 nutu
1289 3859 1307 3914 1.
1316 3861 1362 3916 25.
