2870 4376
424 343 505 400 car.
530 345 618 410 aas,
643 343 657 409 s
680 344 768 400 aaa.
1089 329 1155 402 485

95 532 193 586 xxx.
225 513 289 585 His
306 518 346 584 de
363 527 415 584 tot
431 520 602 604 tantisque
619 519 750 584 iniuriis
768 520 801 583 in
818 519 936 596 socios,
949 519 985 583 in
997 542 1102 608 reges,
1116 524 1155 588 et

46 626 85 691 in
112 627 271 692 civitates
295 624 415 689 liberas
440 625 617 689 consulum
640 624 790 708 querella
814 636 885 688 esse
907 622 1043 701 debuit;
1066 626 1102 690 in

47 731 128 796 eius
158 730 375 816 magistratus
403 729 511 794 tutela
535 751 629 814 reges
657 734 759 812 atque
786 735 920 793 exterae
948 729 1102 795 nationes

48 856 188 919 semper
202 833 353 898 luerunt.
400 833 536 917 Ecquae
554 855 620 897 vox
637 853 797 916 umquam
815 840 868 897 est
890 831 1006 896 audita
1028 854 1103 898 con·

49 938 195 1002 sulum?
240 917 453 1021 Quamquam
486 937 562 1020 quis
593 935 735 1010 audiret,
766 936 796 999 si
834 937 978 1002 maxime
1008 939 1142 1021 querit

50 1042 210 1106 vellent?
255 1041 307 1106 De
333 1040 458 1126 Cyprio
483 1061 561 1126 rege
587 1047 817 1124 quererentur,
835 1040 894 1123 qui
919 1061 972 1105 me
995 1041 1103 1106 civem

50 1147 152 1210 nullo
165 1166 238 1210 meo
250 1145 388 1210 crimine
403 1145 530 1229 patriae
547 1144 680 1208 nomine
696 1143 903 1208 laborantem
920 1165 987 1207 non
1005 1144 1103 1210 modo
1183 1221 1185 1227 y

50 1256 204 1314 stantem
219 1271 287 1313 non
303 1247 537 1323 defenderunt,
555 1248 615 1312 sed
630 1269 672 1312 ne
690 1249 854 1312 iacentem
871 1247 1008 1332 quidem
1031 1271 1104 1334 pro·

51 1354 240 1418 texerunt?
288 1352 470 1426 Cesseram,
498 1353 526 1416 si
552 1353 695 1416 alienam
719 1373 739 1415 a
764 1373 816 1416 me
841 1351 972 1437 plebem
998 1351 1104 1421 fuisse

53 1459 170 1533 voltis,
199 1479 285 1542 quae
314 1478 381 1520 non
413 1456 491 1531 fuit,
509 1455 674 1530 invidiae3
710 1456 738 1519 si
767 1457 968 1520 commoveri
993 1457 1105 1520 omnia
1128 1471 1158 1518 10

54 1559 269 1636 videbantur,
287 1562 448 1645 tempori;
474 1561 502 1623 si
525 1560 576 1624 vis
600 1558 746 1634 suberat,
763 1560 881 1636 armis3
909 1561 938 1624 si
960 1561 1103 1625 societas

53 1665 327 1751 magistratuum,
345 1665 512 1748 pactioni3
536 1665 564 1727 si
581 1663 771 1747 periculum
787 1664 923 1740 civium,
935 1665 982 1729 rei
999 1664 1104 1749 publi·

54 1790 124 1834 cae.
172 1768 251 1844 Cur,
263 1790 340 1832 cum
356 1767 398 1834 de
416 1769 525 1852 capite
542 1769 625 1832 civis
644 1770 730 1850 (non
746 1766 892 1852 disputo,
902 1769 998 1834 euius
1015 1767 1105 1832 modi
1117 1772 1155 1835 65

54 1873 159 1955 civis)
178 1880 214 1936 et
235 1871 275 1936 de
299 1871 393 1936 bonis
416 1872 615 1957 proscriptio
638 1869 792 1947 ferretur,
809 1893 886 1937 cum
910 1879 945 1937 et
966 1873 1104 1937 sacratis

55 1975 188 2062 legibus
204 1984 239 2041 et
254 1993 309 2040 xri
333 1975 456 2040 tabulis
480 1982 635 2039 sanctum
659 1983 757 2051 esset,
774 1983 871 2040 utne
896 1977 951 2040 cui
974 1976 1157 2060 privile-15

55 2081 151 2166 gium
181 2080 327 2166 inrogari
357 2079 474 2144 liceret
503 2100 589 2143 neve
628 2077 668 2142 de
707 2079 815 2162 capite
853 2080 918 2142 nisi
958 2081 1103 2145 comitiis

56 2184 254 2248 centuriatis
270 2183 390 2270 rogari,
408 2183 503 2248 nulla
518 2205 586 2248 vox
610 2166 663 2247 est
685 2182 800 2247 audita
824 2183 1012 2260 consulum,
1028 2205 1104 2248 con·

57 2287 282 2370 stitutumque
299 2292 352 2349 est
366 2285 425 2348 illo
441 2305 538 2359 anno,
550 2291 717 2368 quantum
729 2285 764 2346 in
780 2284 846 2348 illis
860 2283 990 2348 duabus
1002 2283 1103 2350 huius

57 2389 187 2474 imperii
210 2388 360 2474 pestibus
383 2387 549 2464 initium
575 2409 670 2472 posse
694 2410 753 2472 per
779 2409 895 2472 operas
920 2380 1103 2453 concitatas

60 2578 111 2639 17),
125 2579 179 2628 and
190 2580 267 2641 point
279 2583 327 2628 out
340 2577 443 2627 similar
455 2576 568 2626 infelici·
591 2576 613 2628 7.
632 2576 685 2626 and
700 2591 744 2626 see
760 2591 795 2626 on
808 2577 845 2625 11.
860 2577 905 2626 20.
916 2578 955 2626 35.
991 2576 1103 2626 voltis:

59 2656 109 2704 ties
121 2656 150 2704 in
162 2656 211 2707 lv.
225 2655 325 2717 15.›33;
339 2653 385 2704 16.
397 2655 436 2704 38.
471 2654 568 2703 Notice
590 2653 634 2701 ior
652 2654 780 2714 meaning
791 2653 824 2702 cf.
839 2652 906 2702 Sull.
926 2651 971 2700 ei.
991 2651 1035 2714 333
1052 2653 1102 2704 IV.

59 2731 359 2782 theaoeumulationoi
379 2729 509 2780 ablativos
529 2728 567 2790 (6)
590 2729 691 2790 10.14;
708 2729 734 2778 8.
752 2729 791 2778 34.
826 2728 1009 2778 societas
1035 2765 1041 2776 .
1067 2763 1072 2776 .
1099 2763 1104 2776 .

61 2807 89 2856 in
101 2808 127 2857 ll.
141 2809 181 2858 23.
196 2809 236 2858 25.
589 2806 744 2867 pactioni:
766 2806 808 2855 ior
824 2806 871 2854 the
887 2805 944 2854 fact
967 2806 1002 2854 cf.
1026 2806 1041 2866 ς
1063 2806 1103 2855 24.

590 2882 677 2932 33-38.
700 2883 772 2932 Who
780 2897 848 2932 were
855 2883 902 2932 the
912 2882 1105 2944 magistrates?

92 2962 156 3024 564.
174 2960 256 3009 1-12.
285 2973 379 3023 reges,
414 2961 568 3017 civitates,
591 2958 673 3008 What
683 2973 737 3008 was
750 2959 796 3008 the
809 2957 946 3021 bargain?

61 3038 238 3097 Ptolemaeus,
263 3037 436 3100 Byzantium:
458 3037 501 3086 ior
522 3037 569 3085 the
623 3035 687 3096 §⁶5-
707 3033 809 3083 13-19.
827 3047 890 3083 non
899 3034 1034 3096 disputo,
1042 3039 1104 3096 etc,

61 3114 147 3176 plural
159 3115 193 3163 ei.
208 3111 220 3169 t
233 3114 272 3162 35.
287 3114 325 3163 24.
362 3113 568 3174 magistratus,
593 3109 678 3172 ‘Isay
687 3112 803 3173 nothing
810 3111 893 3160 about
901 3111 948 3160 the
956 3110 1103 3172 character,

62 3192 108 3240 the
135 3190 299 3252 consulship.
346 3189 416 3250 quis
439 3188 568 3244 audiret,
591 3187 651 3236 etc!
661 3186 1102 3248 saeratislegibus2seecn§16.

64 3266 139 3344 ‘pho
150 3281 204 3316 was
223 3270 253 3315 to
273 3266 376 3315 hear?’
413 3265 456 3314 He
475 3279 569 3314 means
591 3265 630 3312 15.
644 3263 709 3311 ΧΠ
726 3261 857 3312 tabulis:
874 3278 918 3313 see
929 3277 964 3312 on
977 3262 1103 3314 Mur.2⁵.

63 3345 123 3393 that
134 3344 178 3392 the
191 3348 283 3392 senate
295 3356 350 3392 was
361 3341 504 3404 powcrless
516 3342 569 3390 and
591 3342 622 3390 20
639 3341 672 3390 ad
692 3340 737 3389 fin.
770 3340 979 3402 privilegium:
1002 3354 1046 3390 see
1068 3353 1104 3390 on

63 3418 464 3482 thepeopleslavestoClodius.
483 3417 569 3465 nullo
592 3417 657 3478 §30.
675 3417 713 3466 19.
748 3416 807 3464 nisi
821 3416 958 3466 comitiis
970 3415 1104 3465 centuri·

64 3508 131 3544 meo
148 3495 283 3552 erimine,
302 3494 399 3544 ‘when
420 3509 457 3544 no
473 3493 570 3557 charge
592 3491 668 3539 atie:
691 3505 734 3540 see
757 3505 782 3553 p.
801 3491 841 3552 36,
862 3491 947 3553 563.x
971 3491 1042 3540 How
1058 3490 1104 3540 did

64 3573 116 3621 had
125 3572 191 3620 been
203 3571 319 3632 brought
330 3573 435 3632 against
447 3569 508 3630 me,’
523 3575 572 3619 not
593 3568 686 3617 Cicero
697 3572 742 3630 get
753 3567 857 3617 around
870 3567 925 3616 this
938 3567 995 3616 fact
1011 3567 1041 3615 in
1057 3567 1104 3616 the

67 3649 123 3697 ‘for
132 3662 166 3697 no
174 3647 245 3696 fault
253 3648 283 3697 oi
291 3647 393 3696 mine:'
407 3660 451 3697 see
459 3659 494 3694 on
504 3645 568 3695 suli.
593 3659 653 3693 case
665 3645 694 3692 oi
710 3644 756 3692 the
768 3641 974 3706 conspirators?
1006 3643 1056 3693 See
1067 3656 1102 3692 on

66 3723 90 3771 6.
101 3724 138 3772 36.
169 3735 235 3770 non
251 3722 347 3771 modo
363 3734 427 3770 non
444 3756 450 3768 .
468 3756 473 3768 .
491 3756 497 3768 .
514 3720 571 3768 sed
593 3719 644 3770 IV.
656 3719 702 3769 10.
715 3722 755 3781 22,
768 3721 807 3769 23.
841 3718 1103 3781 quantumin...

66 3799 306 3861 ne...quidem:
324 3798 402 3848 could
414 3798 461 3846 the
473 3797 571 3846 second
592 3796 659 3854 fuit,
681 3796 725 3845 ‘as
747 3796 790 3845 far
806 3809 835 3845 as
852 3796 895 3858 lay
914 3797 944 3844 in
962 3831 968 3845 .
989 3831 995 3844 .
1015 3795 1032 3844 .'
1059 3794 1104 3844 ‘as

65 3876 269 3926 acchaveheen
281 3875 418 3924 omitted?
452 3873 495 3923 Cf.
507 3873 568 3935 §20-
595 3873 676 3922 faras
693 3909 699 3922 .
719 3908 726 3923 .
746 3908 752 3922 .
772 3872 870 3924 eould.'

290 4085 309 4114 ὅ
