2924 4372
491 343 570 395 car.
598 345 684 406 11-12,
709 345 722 406 5
745 344 832 394 neco.
1123 349 1126 355 ·
1165 329 1227 396 107

132 513 359 580 Gracchorum
382 522 418 580 et
440 515 552 580 Flacci
576 523 611 580 et
633 517 842 600 superiorum
867 516 1089 600 complurium
1105 539 1178 580 san·

130 621 232 704 guina
257 641 323 683 non
340 618 439 683 modo
453 641 488 683 se
505 641 572 682 non
589 621 871 696 contaminarunt,
888 620 948 684 sed
974 621 1075 683 etiam
1100 620 1178 683 hon·

130 731 293 800 estarunt,
318 731 407 788 certe
431 722 617 788 verendum
642 724 722 787 mihi
746 745 812 788 non
837 732 918 802 erat,
944 746 985 788 ne
1009 723 1177 808 quidhoc

130 827 294 912 parricida
324 828 449 891 civium
481 827 661 892 interiecto
682 828 841 898 ,invidiae
873 829 907 890 in
947 829 1176 912 posteritatem
1202 842 1230 886 to

129 929 342 995 redundaret.
423 930 554 1009 Quodsi
592 953 631 995 ea
669 931 750 994 mihi
789 933 931 997 maxime
970 931 1176 1018 inpenderet,

130 1042 242 1099 tamen
259 1034 320 1099 hoc
341 1037 453 1099 animo
478 1034 528 1098 ini
553 1057 692 1120 semper,
710 1043 750 1099 ut
776 1035 939 1101 invidiam
956 1036 1082 1100 virtute
1108 1058 1178 1120 par·

130 1147 199 1202 tam
215 1139 365 1225 gloriam,
383 1161 450 1202 non
471 1139 633 1203 invidiam
661 1148 822 1224 putarem.
870 1139 1086 1225 Quamquam
1110 1162 1176 1204 non
1189 1143 1229 1207 30

130 1243 217 1305 nulli
232 1249 314 1306 sunt
338 1244 372 1305 in
401 1242 463 1307 hoc
489 1241 614 1319 ordine,
641 1245 700 1327 qui
726 1252 786 1307 aut
811 1265 859 1319 ea,
886 1265 971 1328 quae
998 1245 1176 1321 inminent,

129 1369 196 1410 non
216 1346 353 1410 videant
368 1354 428 1411 aut
444 1368 491 1422 ea,
509 1368 596 1432 quae
613 1346 739 1424 vident,
756 1346 988 1424 dissimulent3
1008 1348 1068 1432 qui
1084 1369 1177 1432 spem
1203 1371 1229 1414 io

130 1449 296 1514 Catilinae
312 1450 469 1516 mollibus
485 1443 662 1516 sententiis
675 1451 834 1515 aluerunt
846 1452 1176 1538 coniurationemque

129 1561 323 1618 nascentem
365 1575 431 1618 non
471 1554 637 1619 credendo
678 1554 994 1630 corroboraverunt;
1033 1578 1177 1640 quorum

128 1659 329 1722 auctoritate
361 1658 459 1722 multi
491 1680 557 1722 non
589 1659 698 1723 solum
730 1658 882 1744 improbi,
916 1679 1033 1724 verum
1076 1661 1177 1724 etiarn

128 1763 276 1846 inperiti,
294 1762 372 1827 siin
390 1762 479 1826 hunc
497 1763 818 1839 animadvertissem,
836 1763 1019 1829 crudeliter
1035 1773 1071 1829 et
1086 1768 1176 1851 regie

128 1865 258 1930 factum
285 1888 356 1930 esse
384 1865 545 1931 dicerent.
593 1867 692 1931 Nunc
710 1868 880 1954 intellego
898 1869 925 1932 si
950 1869 1023 1944 iste,
1041 1890 1108 1954 quo
1131 1872 1178 1934 in·
1201 1883 1230 1929 to

128 2039 275 2100 examples.
301 2037 643 2097 Sat.,Gracch.,Placoi,
696 2038 741 2087 12.
758 2039 810 2088 iul.
844 2041 931 2089 There
944 2041 966 2089 is
979 2040 1179 2104 reallyaslight

128 2129 173 2164 see
190 2128 226 2163 on
244 2113 274 2176 §§
287 2115 309 2164 4.
330 2115 357 2176 6;
375 2115 397 2164 3.
418 2116 460 2174 21;
478 2116 538 2164 4.1.
575 2115 643 2165 Give
666 2116 779 2178 ellipsis:
797 2120 887 2166 tentet
907 2118 955 2166 hoc
974 2119 1063 2166 antino
1083 2115 1178 2180 [casem

128 2192 176 2240 the
188 2191 237 2240 iuli
252 2204 344 2240 names
356 2191 385 2240 oi
397 2192 473 2240 these
486 2205 557 2241 men.
666 2193 760 2254 atque]
770 2193 936 2254 centpersai.
947 2197 986 2254 ut,
998 2197 1047 2244 etc.
1083 2196 1122 2243 As
1131 2196 1178 2244 the

161 2266 249 2325 9,10.
267 2266 348 2324 mihi,
368 2275 449 2330 agent
468 2269 534 2317 with
553 2283 642 2318 aeren-
666 2269 811 2319 indicative
824 2269 914 2319 clause
934 2283 1072 2332 expresses
1090 2286 1105 2319 a
1122 2272 1179 2320 fact

127 2346 271 2406 detineret,
282 2351 355 2394 must
367 2343 531 2406 besupplied
543 2358 572 2394 as
585 2345 638 2394 imi.
665 2347 723 2394 that
741 2347 763 2394 is
781 2351 839 2395 true
858 2346 1067 2409 independently
1086 2348 1115 2396 ο1
1131 2350 1178 2399 the

127 2423 183 2483 obj.
210 2423 276 2470 with
301 2421 467 2473 redundaret
492 2427 529 2474 ll.
565 2425 641 2485 quid
664 2423 828 2480 concession,
853 2423 874 2471 11
894 2422 973 2470 alone
1000 2423 1023 2471 is
1046 2425 1174 2475 retained.

127 2513 243 2562 governs
260 2500 308 2548 the
325 2505 392 2561 part.
407 2514 466 2562 gen.
480 2502 608 2562 incidiae,
623 2501 638 2550 1.
663 2503 784 2561 partam
799 2500 806 2555 1
809 2501 913 2560 pierio),
929 2501 1089 2564 ‘acquired’

129 2578 168 2625 10.
202 2574 262 2624 hoc
270 2575 425 2638 parricida
434 2577 638 2628 interiecto:
695 2577 757 2638 §th
771 2576 869 2634 11114.
882 2577 1082 2640 Quamquam.
1095 2581 1177 2631 What

127 2655 152 2702 si
167 2653 237 2702 hunc
243 2654 416 2714 parricidam
426 2654 640 2718 interfecissent‚·
664 2652 748 2716 isthic
759 2665 807 2700 nse
815 2652 844 2701 oi
857 2652 903 2701 the
913 2653 984 2702 word
993 2654 1101 2704 called?
1127 2656 1178 2706 See

126 2730 171 2778 ior
179 2729 342 2790 parricida,
354 2744 397 2780 see
409 2745 444 2779 on
457 2731 470 2792 §
484 2732 521 2783 17.
535 2733 574 2780 26.
663 2742 698 2776 on
709 2729 723 2788 ς
734 2726 773 2776 22.
788 2729 808 2776 l.
843 2739 907 2776 non
916 2728 1000 2786 uuili,
1012 2729 1120 2793 ‘some’
1131 2747 1177 2782 en-

159 2804 205 2852 11.
218 2805 413 2866 redundaret,
422 2811 639 2873 metaphorirom
664 2815 741 2877 tirely
754 2814 902 2876 indefinite,
915 2815 1031 2877 perhaps
1044 2814 1105 2875 teu,
1118 2828 1177 2877 per-

126 2883 176 2931 the
188 2881 361 2947 overflowing
372 2887 401 2934 oi
412 2900 428 2936 a
440 2893 548 2949 stream,
564 2889 639 2939 ‘that
663 2892 832 2953 haps'many.

125 2981 183 3030 any
204 2965 276 3016 flood
292 2966 322 3015 oi
341 2966 532 3029 nnpopniarity
553 2966 639 3016 would
694 2968 739 3016 1⁵.
764 2969 838 3019 Note
854 2971 915 3019 that
937 2971 990 3032 qui
1013 2973 1040 3020 in
1069 2971 1123 3020 line
1147 2973 1177 3020 14

126 3045 171 3094 ior
192 3045 240 3093 the
264 3044 355 3093 future
385 3044 547 3093 over-whelm
577 3044 637 3092 me’
662 3045 711 3094 has
724 3047 770 3095 the
782 3047 862 3108 subi..
877 3047 1022 3109 whilequi
1036 3049 1063 3096 hi
1079 3048 1134 3098 line
1146 3049 1176 3097 15

127 3119 259 3180 Quodsi,
283 3121 311 3168 in
335 3121 495 3170 connection
518 3121 583 3169 with
606 3123 639 3179 ai,
663 3120 712 3169 has
735 3121 781 3169 the
805 3120 884 3170 indic.
928 3122 987 3171 The
1009 3122 1109 3170 tormer
1131 3136 1177 3171 ex-

126 3199 175 3246 the
187 3196 324 3246 adverbial
340 3197 492 3247 accusative
504 3199 575 3258 quod
593 3198 641 3246 has
663 3213 766 3261 presses
788 3214 803 3248 a
826 3199 1026 3248 characteristic
1050 3199 1134 3262 (what
1153 3201 1176 3249 is

126 3276 238 3323 become
256 3288 273 3322 a
292 3287 364 3323 mere
385 3275 543 3323 connectite
558 3263 639 3322 ‘bnt'
665 3275 734 3337 itin
751 3276 797 3324 the
815 3275 894 3326 latter
907 3277 928 3324 is
945 3289 1046 3324 amere
1063 3289 1176 3325 connec-

125 3350 264 3399 maxima
284 3349 404 3399 ‘everso
421 3350 517 3399 mnch'
532 3351 641 3400 intensi·
664 3353 720 3402 tive
737 3374 762 3400 =
777 3354 798 3402 c
821 3355 919 3402 autem.
971 3351 1175 3408 dissimulent.

127 3428 175 3476 fies
193 3426 241 3475 the
258 3427 290 3475 si.
325 3425 517 3488 inpenderet.
529 3427 598 3489 suhi.
613 3427 642 3475 oi
664 3429 851 3478 accendere.

125 3503 295 3563 concession,
312 3516 342 3552 as
360 3506 449 3552 tomen
468 3503 495 3550 in
513 3503 559 3552 the
576 3507 641 3552 next
696 3504 742 3560 18,
764 3503 810 3554 19.
839 3504 974 3567 improbi
1001 3506 1176 3568 corresponds

126 3581 182 3629 line
217 3580 316 3638 shows,
350 3584 400 3627 not
432 3579 460 3627 of
493 3579 640 3639 condition,
665 3588 693 3629 1ο
728 3583 775 3642 qai
810 3581 981 3631 diasiiriulent
1008 3582 1104 3644 above3
1132 3581 1176 3630 ln-

125 3658 234 3720 though
257 3656 313 3704 this
334 3655 398 3705 does
422 3662 469 3704 not
492 3656 573 3704 effect
595 3658 642 3705 the
664 3657 763 3718 periti,
780 3663 809 3707 to
826 3658 874 3719 qui
890 3673 943 3708 noa
960 3659 1079 3708 videant.

124 3733 216 3782 mood.
253 3733 288 3780 A.
310 3733 370 3792 313;
394 3731 426 3781 G.
445 3733 505 3792 605;
528 3733 563 3782 H.
585 3733 640 3793 515,
696 3734 741 3781 20.
759 3735 857 3791 Nunc.
870 3735 1084 3795 3110111124.
1114 3748 1176 3797 quo

125 3812 178 3872 11.;
190 3809 222 3861 B.
243 3807 302 3861 309.
314 3809 396 3858 What
408 3810 487 3858 mood
500 3810 585 3872 ought
598 3811 642 3859 the
667 3809 712 3868 (ci.
725 3811 739 3871 §
751 3811 786 3859 10.
801 3810 825 3872 1)
837 3834 862 3858 =
875 3813 903 3860 in
916 3825 1006 3872 quae:
1022 3812 1095 3862 what
1108 3813 1130 3861 is
1142 3813 1177 3861 its

125 3889 191 3939 verb
202 3889 234 3937 in
246 3887 294 3936 the
306 3885 438 3949 principa]
451 3885 539 3936 clause
552 3887 644 3937 have?
665 3886 849 3937 antecedent?
871 3887 939 3946 iste,
951 3901 995 3938 see
1006 3901 1042 3938 on
1054 3888 1069 3951 ξ
1079 3889 1103 3939 2.
1118 3889 1156 3941 ii.
