2936 4376
555 318 610 371 nr.
634 318 669 384 r,
693 319 779 383 era
1145 307 1208 380 357

110 487 169 556 sed
202 488 264 556 hoc
306 488 402 567 scito,
438 498 517 556 tuos
555 498 687 556 veteres
726 491 850 569 hostes
889 515 994 560 novos
1034 496 1196 562 amicose

110 597 325 662 vehementer
355 597 477 662 litteris
514 596 685 680 perculsos
716 605 819 682 atque
856 621 897 663 ex
938 621 1059 686 magna
1097 623 1156 687 spe

100 701 303 766 'deturbatos
331 703 447 766 iacere.
515 701 571 766 Ad
602 723 653 766 me
684 710 799 766 autem
828 703 957 768 litteras
989 725 1072 789 quas
1102 707 1202 772 nri-2

110 807 194 881 sisti,
226 827 431 890 quamquam
461 807 619 892 exiguam
648 806 930 892 significationem
960 817 1038 874 tuae
1077 831 1158 897 erga

110 931 161 975 me
192 911 379 975 voluntatis
410 910 586 986 habebant,
619 919 731 974 tamen
762 911 844 975 mihi
871 913 957 976 scito
991 913 1155 980 iucundas

109 1013 233 1090 fuisse3
265 1015 360 1079 nulla
386 1017 475 1080 enim
505 1037 540 1080 re
573 1023 641 1078 tam
672 1015 788 1080 laeteri
818 1016 911 1081 soleo
942 1038 1044 1101 quam
1073 1039 1159 1083 mee
1182 1039 1211 1085 10

105 1140 185 1208 ‘rum
215 1118 400 1183 officiorum
439 1120 653 1196 conscientia,
686 1119 810 1204 quibus
849 1121 878 1184 si
916 1120 1051 1205 quando
1089 1144 1156 1187 non

111 1231 228 1288 mutue
267 1223 497 1308 respondetur,
536 1223 628 1308 apud
665 1246 718 1290 me
757 1224 833 1310 plus
872 1223 973 1290 officii
1011 1227 1156 1294 residere

109 1325 268 1392 facillime
296 1328 421 1412 patior:
458 1326 545 1390 illud
575 1349 642 1391 non
674 1326 803 1405 dubito,
835 1330 928 1414 quin,
960 1330 989 1394 si
1020 1339 1053 1395 te
1084 1353 1157 1397 mea

109 1452 239 1495 summa
263 1453 342 1518 erga
369 1440 401 1496 te
432 1431 545 1496 studia
575 1453 694 1517 parum
724 1433 806 1496 milri
837 1433 1077 1511 adiunxerunt,
1104 1457 1156 1501 res

109 1535 243 1620 publica
281 1557 341 1600 nos
380 1538 468 1601 inter
506 1557 566 1600 nos
605 1537 825 1602 conciliatura
863 1539 1154 1625 coniuncturaque
1181 1556 1236 1634 115Ι

109 1641 162 1704 sit.
209 1641 271 1717 Ao,
303 1663 345 1706 ne
369 1643 512 1728 ignores,
538 1641 622 1726 quid
644 1663 707 1728 ego
742 1642 777 1708 in
813 1643 881 1708 tuis
916 1643 1038 1710 litteris
1074 1643 1201 1710 desi-3

110 1743 261 1821 derarim,
299 1745 441 1811 scribam
479 1754 604 1830 aperte,
642 1747 733 1812 sicut
770 1754 806 1812 et
843 1769 916 1813 mea
954 1756 1075 1812 natura
1122 1757 1158 1815 et

110 1857 223 1914 nostra
249 1850 397 1915 amicitia
428 1851 599 1935 postulat:
633 1871 684 1914 res
714 1871 769 1916 eas
801 1851 900 1938 gessi,
925 1872 1067 1937 quarum
1101 1853 1159 1918 ali·

111 1973 212 2037 quam
235 1955 271 2018 in
295 1956 363 2019 tuis
386 1955 508 2020 litteris
534 1963 570 2019 et
593 1962 725 2020 nostrae
750 1954 1008 2021 necessitudinis
1043 1964 1078 2021 et
1109 1959 1156 2023 rei

109 2057 260 2142 publicae
293 2079 393 2122 causa
425 2060 687 2144 gratulationem
720 2060 924 2144 exspectavi,
959 2081 1060 2144 quam
1094 2083 1157 2148 ego
1179 2079 1210 2125 no

109 2161 166 2226 abs
201 2169 234 2228 te
270 2165 537 2248 praetermissam
571 2185 642 2228 esse
681 2163 831 2238 arbitror,
868 2163 960 2250 quod
994 2187 1155 2244 vererere,

109 2288 150 2330 ne
175 2267 271 2332 cuius
294 2269 443 2331 animum
466 2265 671 2343 offenderes;
704 2267 763 2332 sed
786 2269 871 2332 scito
903 2289 951 2344 ea,
976 2291 1062 2354 quae
1095 2292 1155 2336 nos

110 2392 170 2456 pro
201 2372 310 2437 salute
342 2373 469 2457 patriae
503 2373 678 2459 gessimus,
703 2372 790 2436 orbis
815 2380 922 2437 terrae
958 2372 1083 2438 iudicio
1117 2396 1155 2440 ac

109 2474 303 2540 testimonio
351 2475 566 2562 comprobari,
607 2497 704 2562 quae,
753 2499 828 2541 oum
870 2479 1013 2556 veneris,
1061 2486 1156 2546 tanto
1215 2541 1219 2550 .

140 2635 202 2684 5-7.
219 2636 316 2685 seito:
333 2637 513 2686 forformsee
527 2651 562 2685 on
580 2635 615 2685 II.
646 2648 710 2684 nou
732 2639 840 2685 mutue
867 2637 1081 2699 respondetur,
1106 2637 1159 2690 ‘no

108 2711 153 2760 23.
174 2713 214 2774 31,
232 2713 297 2763 used
314 2713 391 2762 three
414 2715 493 2762 times
517 2712 544 2761 in
567 2713 622 2761 this
647 2713 699 2761 iair
717 2717 809 2762 return
829 2713 851 2762 is
871 2713 968 2763 made.’
1004 2714 1089 2776 apud
1108 2727 1157 2766 me

109 2787 196 2838 letter.
231 2793 356 2840 veteres
381 2787 496 2847 hostes,
520 2801 622 2837 novos
646 2787 826 2850 ...pation
847 2788 877 2837 ‘1
899 2803 944 2837 am
964 2788 1024 2838 well
1047 2797 1158 2840 content

109 2864 294 2922 amicosne
312 2867 471 2926 democrats,
490 2867 551 2915 who
568 2865 621 2914 had
646 2862 707 2911 that
724 2863 771 2911 the
789 2862 901 2912 balance
916 2862 946 2912 oi
963 2863 1078 2912 services
1097 2878 1158 2913 ren·

108 2942 228 3004 opposed
247 2941 392 3006 Pompeius
409 2957 447 3004 up
469 2949 498 2991 to
514 2941 556 3004 71,
575 2941 623 2990 bot
645 2939 725 2988 dered
750 2939 847 2988 should
871 2940 904 2988 be
932 2939 960 2988 in
989 2953 1034 3002 my
1058 2940 1156 2990 favor!

108 3018 162 3067 had
174 3017 253 3067 made
269 3018 327 3068 him
338 3019 432 3069 consul
447 3019 474 3068 in
486 3017 518 3070 70
531 3019 566 3081 ip.
582 3019 621 3079 19,
644 3015 757 3071 studia,
777 3030 806 3064 as
827 3016 922 3066 shown
942 3016 977 3078 by
999 3017 1159 3080 supporting

108 3092 121 3150 §
135 3095 187 3156 18),
201 3095 254 3144 and
267 3095 321 3144 had
331 3096 410 3158 given
423 3096 478 3144 him
493 3096 520 3144 in
533 3095 564 3143 66
576 3094 622 3144 the
645 3089 691 3140 tire
714 3091 847 3140 Manilian
868 3090 920 3140 law
941 3091 995 3140 and
1012 3091 1159 3156 proposing

108 3170 252 3220 command
275 3171 305 3219 in
327 3171 395 3220 Asia
419 3169 455 3234 (p.
478 3173 517 3231 21,
536 3168 549 3226 §
568 3169 619 3232 24).
645 3167 691 3216 the
704 3167 907 3230 thanksgiving.

44 3243 51 3260 '
110 3241 204 3296 Cicero
213 3251 364 3309 represents
377 3247 450 3296 them
463 3261 492 3296 as
504 3247 621 3296 alarmed
677 3244 721 3305 53.
733 3241 834 3292 16-22.
854 3235 1064 3302 desiderariin,
1074 3243 1158 3294 ‘have

109 3321 144 3384 by
162 3321 208 3371 the
225 3323 293 3385 good
311 3323 411 3386 feeling
428 3337 489 3373 now
506 3323 623 3386 existing
645 3319 762 3369 inissed)
798 3319 955 3382 postulat:
978 3321 1022 3368 for
1043 3320 1159 3370 number

111 3398 154 3460 (or
179 3400 312 3460 supposed
340 3405 369 3449 io
395 3399 476 3461 exist)
501 3401 621 3449 between
645 3411 688 3446 see
705 3411 740 3446 on
758 3397 824 3446 Sull.
838 3395 936 3446 4422.
971 3395 1093 3453 litteris,
1110 3397 1158 3446 the

110 3475 257 3537 Pompeius
266 3476 320 3524 and
333 3476 380 3524 the
389 3481 489 3525 senate.
514 3477 623 3534 iacere,
646 3473 783 3534 despoton,
813 3472 830 3522 1.
862 3473 884 3524 1.
930 3483 1087 3522 vererere:
1115 3472 1158 3522 ior

110 3565 140 3601 as
153 3552 181 3600 in
194 3551 232 3601 II.
246 3551 271 3600 2.
284 3554 323 3602 21.
646 3549 725 3598 mood
748 3563 791 3598 see
814 3563 850 3598 on
866 3547 904 3598 11.
928 3549 954 3597 2.
973 3549 1012 3598 25.
1047 3561 1158 3598 ne...

143 3628 193 3690 §2-
213 3627 623 3692 7-14.1itterae,tnepersonai
647 3625 836 3675 offenderes:
860 3627 895 3676 ci.
918 3625 993 3675 Caes.
1019 3623 1040 3674 I.
1065 3624 1111 3674 19.
1132 3625 1155 3676 2.
1238 3687 1240 3691 Ι

112 3702 191 3752 letter
202 3709 231 3752 io
247 3705 338 3754 which
350 3705 404 3754 this
417 3705 439 3754 is
452 3704 498 3753 the
510 3719 622 3754 answer.
647 3703 797 3750 animum:
817 3715 861 3751 see
873 3716 907 3751 on
919 3701 985 3752 Suli.
1000 3701 1025 3750 1.
1040 3703 1076 3752 10.

111 3777 378 3840 significationem,
428 3781 621 3842 ‘expression’
678 3777 722 3836 23,
732 3777 777 3827 24.
794 3777 913 3827 iudicio
921 3789 958 3826 ac
966 3778 1158 3840 testimonio,

112 3855 226 3918 quibus
241 3880 266 3906 =
281 3861 308 3908 et
325 3859 378 3908 iic:
400 3857 435 3907 ci.
450 3857 503 3907 III.
524 3857 620 3907 27.14.
647 3854 710 3904 ‘the
721 3855 861 3918 expressed
877 3853 1038 3919 judgment)
