2936 4376
224 318 288 382 334
570 331 642 383 ruo
664 333 695 383 r.
719 332 840 384 sunm
863 330 1011 383 carrio.

275 513 374 570 tunas
405 506 557 570 amittere
588 513 724 570 coactus
755 512 808 570 est
838 513 873 570 et
902 506 937 568 in
967 503 1119 572 adversis
1148 495 1219 571 sine
1252 507 1322 572 ullo
1380 551 1382 555 -

274 608 419 674 remedio
442 616 544 692 atque
568 608 800 674 adlevamento
824 630 1023 694 permanere.

223 711 264 773 67
320 731 424 777 xxiv.
458 712 523 776 Hic
547 720 585 776 tu
610 714 790 798 epistulam
815 735 921 778 meam
946 736 1042 799 saepe
1067 717 1198 792 recitas
1220 737 1322 801 quam

275 841 337 906 ego
353 818 395 882 ad
408 817 471 882 Cn.
489 817 690 903 Pompeium
701 817 742 882 de
760 819 841 882 meis
854 818 950 882 rebus
966 820 1070 904 gestis
1085 827 1120 884 et
1135 819 1176 885 de
1192 841 1323 884 summa

276 945 310 988 re
333 923 468 1008 publica
491 923 576 1000 misi,
593 929 629 989 et
650 945 692 987 ex
716 943 755 988 ea
777 923 901 986 crimen
926 922 1063 1008 aliquod
1086 925 1120 986 in
1138 924 1176 987 P.
1193 921 1322 988 Sullam

277 1030 408 1113 quaeris
433 1037 478 1105 et,
506 1029 534 1092 si
558 1026 706 1093 furorem
731 1026 960 1092 incredibilem
987 1027 1121 1092 hiennio
1143 1035 1220 1093 ante
1248 1050 1324 1092 con-

238 1144 411 1218 coeptum
451 1135 599 1218 erupisse
636 1134 672 1197 in
702 1154 774 1198 meo
810 1132 987 1196 consulatu
1017 1133 1145 1216 scripsi,
1177 1154 1228 1198 me
1260 1133 1322 1198 hoc

277 1237 521 1304 demonstrasse
555 1238 648 1315 dicis,
680 1236 808 1302 Sullam
840 1238 875 1300 iu
913 1236 971 1300 illa
1009 1235 1113 1302 fuisse
1153 1238 1322 1322 superiore

275 1343 512 1408 coniuratione.
559 1342 695 1408 Scilicet
717 1365 780 1428 ego
803 1343 830 1406 is
854 1363 939 1417 sum,
964 1341 1023 1426 qui
1046 1342 1235 1406 existimem
1259 1341 1322 1406 Cn.

276 1447 434 1512 Pisonem
462 1455 496 1513 et
525 1447 707 1512 Catilinam
729 1456 764 1512 et
790 1446 1037 1533 Vargunteium
1059 1454 1095 1511 et
1114 1446 1321 1511 Autronium

276 1551 360 1615 nihil
390 1552 559 1627 scelerate,
591 1552 676 1614 nihil
703 1551 861 1616 audacter
887 1553 974 1636 ipsos
1001 1573 1060 1635 per
1082 1573 1154 1616 sese
1181 1552 1253 1616 sine
1281 1551 1322 1614 P.

224 1659 265 1721 68
282 1652 377 1719 Sulla
401 1655 509 1721 facere
532 1657 691 1741 potuisse.
739 1656 789 1721 De
813 1677 881 1741 quo
897 1656 1025 1719 etiamsi
1042 1656 1118 1740 quis
1135 1655 1324 1720 dubitasset

226 1767 384 1834 nautea,
416 1782 458 1823 an
489 1760 533 1835 id,
558 1760 657 1845 .quod
691 1769 730 1824 tu
766 1761 889 1846 arguis,
921 1761 1112 1845 cogitasset,
1145 1757 1323 1825 interiecto

277 1871 369 1948 patre
398 1873 458 1928 tuo
484 1866 601 1930 consul
630 1865 829 1930 descendere
857 1863 1017 1929 Kalendis
1049 1864 1214 1928 Ianuariis
1245 1886 1322 1929 cum

278 1968 460 2043 lictoribus,
493 1969 661 2034 sustulisti
698 1969 782 2033 hanc
819 1969 1053 2053 suspicionem,
1090 1990 1167 2033 eum
1205 1968 1323 2032 dixisti

277 2072 376 2148 hunc,
403 2080 442 2137 ut
467 2071 648 2137 Catilinam
673 2073 844 2137 consulem
870 2071 1026 2148 efficeret,
1052 2081 1168 2137 contra
1193 2081 1321 2157 patrem

226 2192 254 2236 15
277 2185 373 2240 tuum
399 2199 514 2262 operas
536 2185 571 2241 et
595 2198 731 2240 manum
757 2198 972 2260 comparasse.
1019 2176 1120 2256 Quod
1136 2177 1164 2241 si
1182 2176 1243 2240 tibi
1258 2198 1322 2263 ego

276 2281 445 2356 confitear,
464 2288 502 2346 tu
519 2280 600 2344 mihi
616 2280 779 2345 concedas
802 2302 934 2345 necesse
958 2289 1009 2346 est
1025 2281 1124 2358 hunc,
1142 2302 1219 2345 cum
1235 2280 1324 2345 Gati-

277 2386 364 2450 linae
390 2384 642 2472 suffragaretur,
669 2385 753 2447 nihil
780 2383 820 2449 de
848 2406 909 2449 suo
935 2386 1123 2461 consulatu,
1149 2407 1250 2470 quem
1275 2387 1323 2449 iu·

1224 2515 1323 2524 —--

195 2635 197 2639 ,
307 2579 370 2639 §dh
390 2578 415 2627 1.
434 2577 657 2640 epistulam
679 2588 786 2625 meam.
808 2577 1206 2641 spentinmatur-ingthepiot.
1234 2577 1322 2640 ipsos

275 2657 346 2706 Socn
359 2655 430 2704 aiter
438 2656 485 2704 the
494 2653 787 2704 executionurnenrn-
808 2666 862 2716 per
879 2667 964 2704 sese:
982 2652 1043 2710 cti
1062 2657 1100 2706 57.
1121 2656 1160 2705 20.
1209 2681 1211 2685 v

204 2776 206 2779 .
277 2732 326 2789 lus,
346 2731 439 2781 Cicero
458 2731 511 2780 had
530 2731 637 2780 written
661 2734 688 2778 to
709 2730 788 2778 Poru-
840 2728 903 2785 ι868.
922 2728 1023 2778 11-16.
1042 2742 1087 2786 an,
1096 2730 1160 2780 used
1171 2730 1283 2780 fornum
1291 2730 1321 2778 in

275 2810 350 2872 peius
362 2822 378 2856 a
390 2808 469 2857 letter
479 2807 485 2831 ‘
496 2807 528 2856 de
537 2807 615 2856 rebus
624 2808 681 2855 suis
690 2808 717 2854 iu
728 2821 789 2855 con-
810 2805 1322 2869 imlirectquesticnswithdubitahcud

276 2885 368 2934 crilatu
385 2885 488 2944 uestis?
508 2885 554 2932 the
572 2889 635 2932 tone
652 2884 681 2932 oi
700 2883 788 2931 which
809 2883 1045 2941 sciaamlnescm.
1062 2885 1230 2944 patretuo:
1243 2896 1268 2944 p.
1280 2883 1319 2941 23,

276 2977 336 3022 may
350 2962 382 3010 be
394 2960 567 3022 conjectured
582 2960 650 3008 from
665 2959 717 3008 ili.
732 2960 789 3020 §26
809 2957 907 3015 §30ad
917 2959 963 3008 fin.
993 2958 1105 3007 consul
1115 2957 1320 3007 descendere:

276 3037 368 3095 f;1V.
382 3035 408 3093 §l
420 3038 507 3086 20-22.
543 3036 602 3085 The
620 3035 699 3084 letter
716 3036 737 3086 is
755 3050 790 3085 no
810 3048 839 3082 as
857 3035 903 3082 the
921 3034 968 3082 ini.
983 3034 1005 3082 is
1021 3033 1259 3095 coruplenreutary,
1273 3033 1320 3080 the

276 3115 369 3177 longer
388 3119 491 3172 extant,
512 3113 560 3162 but
582 3113 651 3162 irorn
671 3111 789 3161 Cicero’s
811 3122 883 3157 noun
894 3107 999 3171 (consul
1006 3110 1013 3167 l
1026 3109 1100 3157 takes
1109 3109 1155 3156 the
1168 3121 1227 3157 case
1236 3108 1265 3156 cf
1274 3108 1321 3156 the

277 3191 362 3239 words
370 3191 433 3238 here
441 3190 462 3238 it
471 3190 492 3238 ls
502 3189 611 3238 evident
621 3189 681 3237 that
690 3188 788 3237 Sulla's
818 3185 961 3246 subjector
973 3185 1019 3233 the
1032 3185 1104 3232 suain
1117 3185 1180 3233 verb
1192 3183 1321 3244 (cupitas-

276 3281 356 3316 name
369 3280 421 3316 was
439 3271 487 3314 not
504 3265 669 3326 mentioned,
684 3266 788 3327 though
810 3264 871 3316 set).
907 3260 1112 3310 descendere:
1125 3275 1160 3310 sc.
1175 3263 1204 3310 in
1214 3259 1318 3319 foruna,

276 3345 353 3393 there
365 3357 433 3392 were
446 3341 576 3392 allusione
591 3348 619 3391 to
632 3342 697 3391 him.
811 3339 865 3399 i·.e.,
884 3337 966 3397 Sulla,
985 3343 1034 3386 not
1051 3338 1212 3399 'l'orquatus
1232 3335 1320 3385 would

308 3419 369 3468 4—9.
393 3419 435 3467 si:
460 3419 503 3468 ior
521 3419 648 3480 meaning
665 3419 728 3467 here
746 3432 789 3467 see
810 3415 942 3477 complete
954 3415 1000 3464 the
1016 3415 1180 3464 ceremonias
1198 3413 1227 3463 oi
1246 3415 1322 3462 iriau-

276 3511 311 3545 on
337 3496 390 3546 ΙΙΙ.
408 3496 433 3543 1.
450 3497 473 3546 8.
509 3495 648 3556 erupisse
667 3494 700 3542 ln
719 3507 789 3543 meo
810 3493 948 3556 guration:
969 3505 1012 3541 see
1030 3506 1065 3540 on
1085 3489 1098 3548 i
1116 3492 1154 3540 65.
1172 3491 1201 3540 10
1221 3490 1255 3539 ad
1273 3489 1318 3538 fin.

277 3571 457 3622 consulatu:
476 3572 519 3622 for
532 3573 578 3620 the
591 3571 708 3633 thought
727 3571 787 3620 read
810 3581 929 3630 operas,
965 3567 1133 3630 ‘hireiiugs’
1169 3567 1198 3616 in
1232 3565 1320 3630 plural

278 3647 299 3696 Ι·.
311 3646 356 3695 ³1.
368 3648 421 3706 1-5,
432 3646 485 3694 and
499 3647 567 3695 Mur.
579 3644 625 3694 81.
635 3647 710 3704 7-10;
723 3646 788 3693 hoth
810 3645 881 3706 only.
917 3643 1010 3703 Quod
1022 3644 1062 3692 sl:
1081 3645 1123 3693 for
1134 3658 1194 3693 case
1206 3644 1236 3692 of
1247 3642 1321 3704 quod

277 3737 401 3785 passages
413 3723 473 3785 give
485 3737 501 3770 a
511 3723 640 3771 different
653 3730 789 3771 construc-
809 3722 844 3770 cf.
860 3719 988 3769 11.12.2.
1024 3719 1182 3769 concedas
1190 3730 1321 3768 necesse

277 3799 335 3848 tion
353 3798 395 3846 ior
413 3811 561 3858 eracapere,
574 3797 628 3846 and
646 3798 692 3846 the
709 3797 789 3846 latter
809 3800 870 3846 est:
884 3797 926 3846 ior·
937 3797 1065 3846 omission
1077 3797 1107 3845 oi
1119 3796 1193 3845 utel.
1204 3796 1217 3854 i
1227 3797 1265 3846 46.
1280 3795 1322 3855 183

276 3875 351 3938 gives
378 3888 452 3925 more
477 3874 628 3938 accurately
652 3875 698 3924 the
724 3875 788 3923 ihne
812 3873 859 3925 lV.
874 3872 919 3921 1³.
932 3874 977 3936 583
989 3874 1059 3923 Mur.
1076 3872 1174 3936 59.26;
1193 3871 1308 3922 Iaera.
