2936 4376
468 345 549 399 aar.
572 345 660 409 naas,
686 345 699 410 s
723 345 810 399 rs-ra.
1142 330 1204 399 341

108 523 226 588 civitas
243 527 376 607 posset3
400 541 509 604 neque
526 519 614 584 enirn
632 525 683 585 cst
695 519 883 604 quisquam,
898 520 956 605 qui
972 518 1154 586 arbitretur

107 629 175 692 illis
197 627 335 691 inclusis
360 627 394 688 in
418 648 452 690 re
475 624 609 709 publica
632 624 782 709 pestibus
805 623 933 689 diutius
958 624 1038 690 haec
1064 631 1152 690 stare

107 733 266 817 potuisse.
313 730 432 814 Itaque
455 751 511 792 eos
535 749 601 791 non
625 728 667 792 ad
691 728 933 813 perficiendum
956 729 1076 806 scalae,
1091 728 1153 794 sed

106 835 148 899 ad
179 834 319 899 luendas
343 835 389 899 rei
421 833 573 918 publicae
605 854 727 917 poenas
761 832 881 898 Furiae
913 833 1076 918 quaedam
1108 834 1154 896 in·
1176 853 1206 898 as

107 940 305 1003 citaverunt.
351 953 487 1000 xxvssl.
520 936 561 999 ln
577 935 667 1000 hunc
691 937 796 1023 igitur
818 959 955 1024 gregem
979 959 1038 1003 vos
1062 943 1204 1006 nuncii

63 1035 65 1040 ’
107 1043 146 1105 Ρ.
175 1035 324 1117 sullam
341 1040 479 1116 iudices
508 1061 549 1105 ex
576 1039 639 1116 his,
664 1043 723 1125 qui
751 1062 828 1105 curn
853 1042 915 1105 hoc
943 1043 1066 1107 vivunt
1091 1050 1152 1107 aut

106 1148 276 1222 vixerunt,
293 1145 607 1210 honestissimorum
623 1144 795 1210 hominum
813 1147 971 1232 gregibus
996 1148 1149 1223 reicietis‚

105 1273 146 1315 ex
165 1251 226 1315 boc
242 1251 423 1314 amicorum
440 1270 588 1325 numero,
606 1271 648 1314 cx
666 1249 727 1314 hac
747 1250 962 1314 familiarium
986 1250 1150 1338 dignitate

106 1356 140 1418 in
157 1355 333 1440 impiorum
350 1361 478 1438 partem
495 1360 597 1436 atque
615 1355 648 1416 in
665 1354 905 1439 parricidarum
921 1354 1033 1420 sedem
1049 1363 1151 1440 atque
1189 1371 1204 1415 a

105 1480 281 1524 numerum
313 1456 549 1522 transferatis?
595 1457 662 1522 Ubi
693 1449 757 1523 erit
789 1461 892 1546 igitur
922 1458 1006 1523 illud
1038 1459 1152 1524 firmis-

104 1565 225 1629 simum
241 1562 443 1648 praesidium
460 1561 607 1646 pudoris,
625 1584 692 1647 quo
707 1564 741 1625 in
765 1564 837 1628 loco
861 1563 955 1628 nobis
980 1565 1049 1628 vita
1072 1571 1150 1629 ante

54 1733 63 1749 ,
105 1675 179 1732 aeta
209 1666 367 1752 proderit,
395 1665 486 1750 quod
516 1665 558 1730 ad
589 1673 722 1751 tempus
750 1669 1007 1732 existimationis
1035 1675 1149 1752 partae

105 1772 236 1836 fructus
255 1770 488 1846 reservabitur,
505 1771 533 1834 si
555 1770 590 1832 in
614 1779 763 1835 extremo
785 1772 974 1836 discrimine
998 1793 1035 1835 ac
1058 1770 1152 1835 dimi·

105 1877 234 1940 catione
258 1874 414 1940 fortunae
437 1872 577 1951 deseret,
594 1875 622 1938 si
651 1896 718 1938 non
746 1874 863 1951 aderit,
891 1877 918 1940 si
946 1875 1030 1938 nihil
1061 1873 1153 1940 adin·
1176 1891 1205 1937 10

104 1980 224 2046 vabit?

149 2084 371 2164 Quaestiones
399 2082 493 2147 nobis
520 2105 693 2148 servorum
720 2093 893 2150 accusator
923 2093 959 2151 et
989 2093 1155 2150 tormenta
1165 2089 1204 2152 78
1301 2105 1305 2111 ’

104 2190 289 2254 minitatur.
336 2187 522 2272 inquibus
547 2209 750 2274 quamquam
774 2189 857 2253 nihil
883 2191 1021 2274 periculi
1046 2191 1152 2274 suspi-

104 2314 227 2370 camur,
243 2301 356 2357 tamen
379 2293 438 2356 illa
461 2299 627 2357 tormenta
649 2294 814 2380 gubernat
836 2293 939 2370 dolor,
958 2294 1149 2359 moderatur

135 2505 237 2554 33-35.
270 2505 420 2567 pestibus,
451 2505 527 2555 ‘that
561 2506 618 2567 poi·
641 2505 673 2553 in
702 2506 782 2563 loco,
812 2505 864 2555 ‘on
894 2507 968 2555 wirat
997 2505 1150 2556 occasion:’

104 2583 179 2633 son:’
199 2597 229 2633 so
247 2583 275 2632 in
294 2582 427 2644 11.2.25;
450 2583 511 2644 why
529 2581 616 2644 plural
643 2583 718 2632 locas
730 2585 752 2632 is
765 2584 839 2632 often
853 2583 918 2632 used
928 2584 957 2632 oi
970 2583 1042 2632 thne.
1063 2581 1153 2632 nihil:

69 2689 70 2694 =
103 2659 189 2709 here?
211 2658 296 2716 baec,
305 2660 369 2708 asin
379 2660 439 2721 §32⁸
450 2660 473 2708 3.
498 2658 616 2716 Furiae,
643 2660 715 2708 what
726 2660 792 2709 kind
806 2660 835 2709 oi
852 2674 886 2708 an
900 2659 1074 2709 accusative?

103 2736 198 2785 deities
216 2736 331 2799 charged
353 2737 419 2784 with
440 2735 487 2784 the
505 2735 617 2796 punish·
674 2736 735 2797 §ia
755 2735 800 2792 12,
809 2735 855 2784 1³.
873 2735 1081 2795 quaestiones
1089 2748 1152 2784 aer·

103 2818 179 2862 ment
196 2812 224 2862 oi
244 2812 381 2861 criminals
403 2812 458 2861 and
481 2811 546 2860 with
570 2812 616 2860 the
642 2822 751 2860 vorum
769 2847 775 2858 .
793 2847 798 2859 .
816 2847 821 2859 .
839 2815 1002 2867 tormenta,
1026 2812 1088 2860 ‘the
1107 2826 1173 2864 exn

103 2889 244 2938 execution
266 2889 295 2937 oi
312 2890 358 2937 the
375 2889 482 2938 decrees
502 2888 531 2936 oi
550 2887 613 2936 iate.
641 2888 790 2937 amination
803 2889 833 2938 oi
844 2904 894 2939 our
906 2888 1087 2938 slavesunder
1098 2893 1152 2937 tor·

103 2965 179 3028 They
209 2979 254 3014 are
284 2966 359 3014 often
389 2964 556 3026 represented
587 2977 616 3012 ns
642 2965 825 3024 ture‚’ak1nd
837 2965 867 3014 of
878 2964 1036 3026 hendiadys‚
1048 2964 1152 3026 though

103 3041 210 3104 driving
227 3055 289 3090 men
308 3042 378 3090 from
396 3042 478 3090 crime
492 3045 522 3089 to
535 3041 616 3089 crime
641 3041 687 3089 the
706 3041 777 3091 word
797 3044 922 3102 quaestio
941 3041 1019 3089 when
1040 3039 1104 3090 used
1123 3040 1153 3089 of

103 3123 132 3166 to
150 3119 197 3167 the
213 3117 278 3166 final
297 3117 476 3179 catastrophe.
641 3117 727 3167 slaves
747 3118 845 3180 always
865 3117 971 3178 implles
991 3123 1101 3176 tortura,
1123 3129 1152 3165 as

640 3194 711 3243 their
731 3195 859 3243 evidence
878 3207 931 3243 was
951 3194 1050 3255 always
1068 3193 1151 3242 taken

135 3270 199 3331 §ih
220 3269 300 3320 1-10.
330 3269 419 3327 bunc,
450 3268 506 3325 his,
540 3268 614 3319 boc:
641 3284 712 3332 upon
726 3269 772 3319 the
785 3271 855 3320 rack.
893 3271 924 3318 ln
940 3271 1065 3331 ordinary
1078 3282 1151 3318 cases

77 3359 80 3365 ·
103 3352 168 3396 note
179 3347 227 3396 the
245 3347 390 3408 repetition
402 3347 468 3395 with
489 3346 615 3395 different
640 3346 726 3396 slaves
744 3346 823 3396 could
843 3347 875 3395 be
893 3345 1036 3395 exainined
1048 3345 1111 3408 only
1123 3346 1151 3394 in

103 3424 190 3473 words
213 3423 265 3472 and
288 3423 415 3472 different
438 3437 518 3472 cases.
554 3421 615 3471 hoc
641 3423 732 3471 bahali
754 3423 783 3471 oi
805 3423 876 3472 their
898 3427 1023 3483 masters3
1044 3423 1086 3471 ior
1105 3422 1152 3471 the

103 3499 274 3548 amicorum
293 3511 438 3548 numero:
461 3500 503 3548 ior
521 3500 615 3549 boram
640 3501 781 3562 exception
800 3500 864 3548 here
886 3513 930 3548 see
948 3513 983 3547 on
1004 3499 1096 3548 'lirae
1115 3498 1152 3548 ad

104 3577 253 3626 amicorum
272 3589 391 3637 numero,
408 3589 443 3625 an
464 3575 560 3624 almost
577 3576 616 3624 in·
640 3577 752 3625 iud-icas.
788 3575 961 3624 minitatur:
975 3576 1001 3624 in
1012 3575 1097 3625 direct
1106 3589 1152 3637 op-

103 3652 221 3702 variable
237 3654 402 3716 attraction3
423 3653 457 3702 cf.
475 3654 504 3702 ia
521 3667 551 3701 eo
567 3667 615 3702 aa·
640 3654 758 3714 position
777 3657 806 3701 to
824 3667 873 3701 our
890 3658 993 3700 cnstom
1012 3653 1058 3700 the
1075 3665 1153 3712 argu·

103 3743 175 3780 mero
195 3730 239 3780 for
256 3731 285 3780 ia
304 3744 395 3779 eorum
412 3743 524 3778 nurnero
543 3730 557 3790 ᾗ
574 3730 612 3778 39.
640 3734 728 3778 ments
752 3730 782 3778 oi
809 3728 919 3778 counsel
947 3728 1076 3790 preceded
1104 3729 1152 3776 the

103 3808 142 3856 46.
167 3806 393 3869 parricidarum
404 3806 519 3862 sedem.
529 3807 556 3855 in
569 3807 615 3855 the.
640 3805 734 3868 taking
746 3807 774 3854 oi
792 3801 926 3855 evidence.

103 3884 182 3936 other
192 3884 288 3936 world:
305 3885 339 3934 ci.
352 3885 374 3935 Ι.
387 3883 433 3933 33.
442 3884 483 3946 3Ἰ,
493 3883 532 3934 38.
552 3895 615 3946 quo
671 3882 716 3930 14.
744 3882 903 3946 gubernat,
921 3887 987 3934 etc:
1009 3883 1056 3933 the
1075 3879 1153 3936 verbs
