2876 4378
470 314 549 368 our.
574 318 662 379 seer,
687 319 700 380 i
723 317 810 368 eree
1141 301 1205 368 605

103 491 281 576 sapientia,
295 491 354 575 qui
369 511 471 566 sacra,
484 491 543 574 qui
559 489 785 565 caerimonias,
798 488 859 573 qui
875 488 1024 573 auspicia
1038 496 1074 552 et
1088 489 1153 574 ipsi

103 595 314 659 sanctissime
331 594 509 658 coluerunt
521 601 556 658 et
568 591 662 657 nobis
678 594 748 658 suis
764 593 905 678 posteris
922 591 1151 676 prodiderunt.

104 715 212 762 XXXI.
246 698 317 773 Est,
335 703 386 762 est
400 695 550 782 proiecto
567 697 626 760 illa
642 697 702 772 vie,
716 717 826 781 neque
842 697 879 759 in
894 695 945 760 his
962 696 1153 782 corporibus
1166 699 1207 764 84

104 809 208 886 atque
233 802 267 864 iu
291 801 351 864 hac
375 800 594 865 inbecillitate
622 807 735 865 nostra
762 801 851 865 inest
873 799 1046 885 quiddam,
1061 800 1153 885 quod

105 907 220 992 vigeat
243 913 277 970 et
300 906 432 982 sentiet,
450 927 517 968 non
544 906 633 969 inest
660 905 694 967 iu
718 904 779 969 hoc
804 912 899 969 tanto
922 912 1061 969 natiuae
1085 912 1153 970 tam

105 1011 273 1096 praeclaro
290 1017 395 1073 motu.
441 1008 515 1073 Nisi
528 1009 614 1073 forte
627 1008 751 1074 idcirco
764 1030 831 1072 non
847 1016 980 1093 putant,
991 1011 1071 1095 quia
1086 1031 1153 1074 non

105 1121 246 1198 apparet
275 1135 335 1178 nec
367 1115 534 1189 cernitur3
573 1112 712 1197 proinde
744 1113 840 1197 quasi
871 1120 1018 1177 nostram
1049 1115 1191 1198 ipsame

105 1226 347 1302 mentemque
370 1219 526 1302 sapimus,
543 1238 611 1302 qua
633 1216 857 1302 providemus
882 1238 950 1300 qua
976 1217 1057 1281 haec
1081 1219 1153 1302 ipsa

1 1407 2 1410 Ἴ
105 1323 236 1408 agimus
251 1343 289 1385 ac
306 1321 456 1397 dicimus,
475 1321 588 1386 videre
612 1328 672 1385 aut
694 1322 803 1406 plane,
820 1322 931 1406 qualis
947 1329 1007 1386 aut
1024 1320 1079 1386 ubi
1096 1322 1152 1399 sit,

1 1435 2 1440 ’
104 1426 230 1490 sentire
246 1426 421 1509 possimus.
468 1425 518 1489 Ea
534 1427 584 1489 vis
601 1426 706 1512 igitur
722 1426 802 1511 ipsa,
820 1447 907 1509 quae
930 1447 1028 1510 saepe
1051 1426 1154 1490 incre·

105 1529 227 1594 dibiles
255 1528 333 1594 huic
361 1529 435 1593 urbi
463 1528 641 1594 felicitates
669 1537 772 1614 atque
800 1551 879 1615 opes
910 1530 1035 1606 attulit,
1060 1531 1153 1594 illam

1 1617 3 1653 ἶ
104 1634 287 1718 perniciem
317 1634 466 1698 extinxit
495 1655 532 1698 ac
563 1635 712 1710 sustulit,
743 1636 798 1699 cui
831 1636 974 1718 primum
1010 1643 1155 1700 mentem
1179 1647 1207 1692 rc

105 1738 232 1813 iniecit,
261 1743 300 1802 ut
330 1738 365 1802 vi
394 1737 524 1802 irritare
555 1736 710 1822 ferroque
742 1739 901 1804 lacessere
934 1737 1153 1804 fortissimum

105 1843 217 1906 virum
243 1840 382 1907 auderet
408 1843 664 1928 vincereturque
691 1842 733 1906 ab
756 1864 806 1918 ec,
824 1864 926 1927 quem
952 1843 981 1906 si
1007 1843 1152 1921 vicisset,

1 1966 2 1969 ’
104 1946 283 2011 habiturus
299 1955 389 2011 esset
404 1947 641 2031 impunitatem
656 1954 691 2010 et
713 1947 884 2012 licentiam
907 1948 1152 2031 sempiternam.

1 2051 3 2078 ‘
105 2050 182 2116 Nou
199 2057 252 2117 est
274 2051 419 2114 humano
442 2051 592 2126 consili0,
610 2072 650 2114 ne
675 2050 834 2116 mediocri
850 2051 997 2137 quidem,
1015 2051 1153 2129 iudices,
1166 2057 1205 2120 85

1 2231 2 2234 Ἴ
105 2155 245 2220 deorum
261 2155 498 2221 immortalium
515 2176 662 2220 curares
679 2155 736 2219 illa
754 2155 912 2240 perfecta.
959 2156 1151 2243 Religiones
1179 2174 1206 2218 15

1 2263 4 2289 ³
106 2257 295 2323 mehercule
323 2259 424 2342 ipsae,
441 2280 527 2344 quae
555 2259 646 2322 illam
674 2260 805 2324 beluam
837 2258 953 2325 cadere
984 2260 1152 2337 viderunt,

1 2359 3 2396 ²
106 2382 289 2426 commosse
312 2383 347 2426 se
370 2361 530 2426 videntur
551 2369 588 2426 et
610 2363 662 2426 ius
686 2363 721 2425 in
748 2364 807 2428 illo
834 2385 933 2428 suum
963 2365 1152 2430 retinuisse.

1 2489 3 2501 ¹
109 2466 178 2530 Vos
198 2466 286 2530 enim
309 2466 384 2541 iam,
403 2465 526 2530 Albani
550 2467 673 2531 tumuli
696 2475 797 2551 atque
822 2467 900 2544 luci,
918 2490 987 2543 vos,
1005 2469 1152 2553 inquam,

105 2706 214 2762 iorum,
233 2706 295 2756 ‘the
311 2705 453 2768 ancients,'
473 2707 535 2757 who
552 2721 621 2756 were
675 2706 756 2755 4—12.
773 2719 837 2756 non
854 2711 981 2769 putent:
998 2723 1075 2770 sc.,e
1094 2711 1157 2760 sub-

2 2795 6 2826 l
107 2782 239 2845 supposed
252 2783 510 2832 tounderstandthe
522 2789 620 2832 secrete
641 2784 696 2846 J‘ect
715 2784 786 2833 from
804 2788 959 2847 quicquum,
979 2786 992 2846 ξ
1013 2787 1052 2835 83.
1073 2786 1114 2847 33,
1128 2793 1157 2836 to

94 2858 136 2909 oi
157 2859 204 2907 the
224 2859 349 2908 universe
370 2859 465 2921 better,
488 2871 517 2908 as
540 2859 620 2922 being
643 2861 731 2909 which
754 2875 770 2910 a
798 2861 937 2924 following
964 2862 1051 2924 plural
1079 2863 1156 2913 oiten

107 2934 323 2984 nearertotheir
334 2935 428 2998 origin.
642 2936 733 2986 refers.
786 2937 886 2997 qualis
918 2940 973 2985 aut
1006 2937 1061 2987 ubi
1095 2939 1154 2986 eit:

641 3018 725 3062 trans.
740 3012 773 3075 by
786 3027 887 3063 nouus:
910 3015 944 3062 oi.
959 3014 1027 3064 Sest.
1049 3013 1155 3077 131.1;

138 3089 152 3148 §
171 3087 211 3138 84,
230 3087 292 3136 1-4.
318 3100 419 3150 neque
434 3089 466 3136 in
481 3088 537 3146 his,
555 3093 617 3150 etc,
640 3089 705 3137 127.
731 3091 775 3151 21;
803 3090 848 3138 71.
870 3091 899 3151 33
922 3088 968 3138 66.
992 3092 1036 3152 213
1060 3089 1106 3139 62.
1128 3093 1153 3141 8.

109 3164 174 3214 ‘nor
195 3165 260 3214 does
282 3166 360 3214 there
387 3166 457 3214 exist
485 3166 513 3214 in
541 3166 618 3214 these
640 3165 771 3215 auderet
806 3167 1062 3228 vincereturque:
1107 3169 1155 3216 the

6 3245 7 3252 ³
107 3241 198 3290 bodies
210 3241 263 3290 and
276 3241 304 3290 in
321 3242 375 3291 this
395 3241 456 3290 irail
476 3247 572 3291 nature
589 3242 618 3291 oi
639 3255 703 3303 -que
715 3256 808 3291 means
819 3242 887 3292 ‘and
901 3244 949 3303 so,’
963 3244 1026 3292 thus
1037 3244 1130 3306 giving
1139 3258 1156 3293 a

107 3318 363 3380 oursasomething
383 3319 471 3367 which
491 3319 513 3367 is
530 3319 618 3367 active
639 3319 811 3367 consecutive
834 3319 907 3367 force
930 3325 958 3367 to
981 3320 1029 3368 the
1055 3319 1155 3369 second

4 3404 7 3448 i
107 3393 158 3443 and
166 3393 294 3454 sentient,
303 3394 419 3444 without
429 3395 463 3443 its
472 3394 618 3444 alsoexist·
640 3383 733 3444 verb.‘
755 3395 900 3455 quernei,
922 3394 1058 3444 ‘whereas
1078 3396 1101 3442 ii
1120 3395 1156 3444 he

4 3480 6 3490 ¹
107 3471 153 3532 ing
166 3471 229 3528 (aon
240 3471 322 3530 tuest)
338 3471 366 3519 in
380 3471 435 3520 this
447 3471 553 3532 mighty
563 3471 617 3520 und
640 3469 774 3530 (Clodius)
786 3470 840 3519 had
856 3470 939 3520 killed
957 3472 1014 3520 him
1034 3469 1153 3532 (Milolz'

4 3559 6 3604 ζ
107 3545 276 3606 marvellous,
289 3547 350 3597 etc’
387 3546 542 3596 Theclause
553 3559 617 3596 non
639 3547 672 3595 ci.
688 3546 753 3607 §ta
768 3548 806 3596 24.

4 3633 20 3682 :²
106 3623 188 3671 inest
203 3657 210 3670 .
227 3657 232 3670 .
249 3657 256 3669 .
272 3625 361 3671 motu
372 3624 394 3672 ir
410 3623 488 3672 made
505 3624 618 3673 coordi—
672 3623 735 3683 §85-
749 3622 850 3672 15-1u
863 3623 1049 3684 Religiones,
1063 3622 1160 3682 ‘sanos

107 3703 177 3758 uste,
191 3699 271 3749 while
283 3701 311 3748 in
324 3700 437 3761 English
451 3701 472 3748 it
484 3700 573 3749 would
585 3700 617 3749 be
640 3699 758 3749 turries!
789 3697 1030 3748 mehercule:
1044 3699 1154 3762 explain

5 3805 7 3834 3
108 3775 183 3824 luade
191 3775 372 3825 subordinate.
387 3776 440 3824 For
447 3777 493 3824 the
500 3777 618 3837 thought
640 3776 686 3824 the
698 3775 778 3836 iorm,
792 3775 846 3824 and
866 3776 927 3839 give
939 3788 956 3824 a
967 3776 1072 3826 similar
1092 3790 1152 3826 one.

107 3849 140 3902 ti·
154 3849 223 3904 sest.
236 3849 282 3902 47.
294 3851 324 3902 21
337 3850 356 3904 f.
640 3851 763 3913 Albani,
776 3850 894 3905 Clodius'
909 3851 999 3903 Alban
1013 3852 1059 3914 (ci.
1072 3853 1099 3917 ἐξ
1112 3853 1152 3907 lo,

1332 3748 1419 3778 .-
