2954 4374
256 297 319 364 176
575 311 647 362 rao
670 311 700 362 1..
724 309 885 363 nunnus
908 309 1056 362 onnrro.

166 494 169 501 '
253 499 282 544 aa
304 483 482 548 Murenam
518 483 667 570 legatum
711 482 884 548 fortissimi
917 484 1029 560 animi,
1054 485 1176 548 summi
1210 486 1352 562 consilii,

305 590 441 653 maximi
457 589 578 653 laboris
593 589 767 674 cognitum
791 611 862 653 esse
887 587 1111 663 defendimus,
1129 596 1164 652 et
1179 589 1264 653 hanc
1280 591 1353 655 eius

303 715 436 779 operam
453 715 521 760 non
537 687 647 758 minus
672 691 716 756 ad
739 693 948 757 consulatum
974 693 1228 778 adipiscendum
1251 716 1353 780 quam

304 797 388 862 hanc
405 804 552 862 nostram
569 795 736 862 forensem
753 796 951 862 industriam
968 797 1143 883 dignitatis
1163 797 1329 863 habuisse.

252 906 291 970 35
345 919 436 966 xvii.
461 902 511 966 At
526 903 615 967 enim
631 903 667 966 in
691 909 866 987 praeturae
889 903 1052 986 petitione
1075 905 1166 988 prior
1184 905 1351 968 renuntia

304 1015 358 1071 tus
380 1015 432 1072 est
456 1005 604 1071 Servius.
651 1006 839 1092 Pergitisne
863 1027 922 1072 vos
948 1013 1119 1092 tamquam
1146 1029 1187 1073 ex
1215 1029 1354 1094 syngra-

302 1111 368 1196 pha
389 1132 486 1198 agere
509 1132 586 1174 curn
608 1110 742 1196 populo,
763 1117 811 1188 ut,
832 1132 931 1195 quem
956 1112 1068 1176 looum
1090 1113 1193 1177 semel
1215 1112 1351 1178 honoris

302 1216 447 1300 cuipiam
478 1213 618 1290 dederit,
650 1214 794 1279 eundern
824 1215 962 1300 reliquis
997 1215 1178 1281 honoribus
1204 1215 1349 1281 debeat?

264 1318 404 1400 5-Quod
418 1320 507 1384 enim
530 1318 665 1396 fretum,
690 1341 791 1404 quem
818 1319 983 1404 Euripum
1008 1327 1060 1385 tot
1082 1328 1202 1397 motuS,
1227 1328 1349 1398 tantas,

301 1434 368 1490 tam
397 1426 503 1489 varias
535 1423 654 1488 habere
686 1424 813 1509 putatis
837 1425 1037 1511 agitationes
1061 1427 1351 1491 commutationes-

301 1551 367 1614 que
383 1527 560 1605 fluctuum,
577 1536 720 1614 quantas
736 1528 1004 1613 perturbationes
1021 1537 1056 1594 et
1071 1537 1215 1614 quantos
1236 1537 1349 1596 aestus

301 1633 402 1698 habet
438 1635 522 1718 ratio
557 1633 793 1698 comitiorum?
838 1633 919 1698 Dies
950 1635 1161 1698 intermissus
1198 1642 1259 1698 aut
1280 1655 1348 1700 nox

300 1739 496 1824 interposita
511 1759 609 1822 saepe
626 1737 802 1823 perturbat
825 1739 946 1814 omnia,
971 1747 1006 1803 et
1029 1745 1133 1803 totam
1156 1739 1347 1823 opinionem

249 1859 278 1904 ro
299 1864 401 1928 parva
425 1863 491 1906 non
519 1863 702 1926 numquam
732 1848 917 1907 commutat
938 1863 1019 1906 aura
1042 1842 1195 1906 rumoris.
1242 1841 1348 1927 Saepe

299 1947 400 2012 etiam
426 1948 498 2012 sine
531 1946 601 2011 ulla
631 1953 745 2031 aperta
775 1967 874 2011 eausa
901 1945 941 2010 fit
966 1946 1070 2023 aliud,
1101 1953 1204 2032 atque
1236 1947 1349 2012 existi·

299 2052 408 2129 maris,
436 2059 476 2116 ut
505 2073 573 2116 non
604 2072 789 2136 numquam
821 2052 869 2115 ita
899 2050 1027 2116 fastum
1059 2073 1130 2117 esse
1162 2052 1260 2116 etiam
1292 2075 1348 2137 po·

246 2159 287 2223 36
298 2157 399 2243 pulus
426 2151 625 2233 admiretur,
644 2158 741 2248 quasi
767 2177 846 2222 vero
878 2177 945 2220 non
976 2157 1046 2242 ipse
1077 2156 1203 2222 feeerit.
1252 2157 1345 2221 Nihil

298 2270 350 2326 cst
365 2263 525 2327 incertius
540 2263 655 2349 vulgo,
672 2262 756 2326 nihil
773 2261 946 2327 obscurius
962 2262 1138 2326 voluntate
1161 2261 1344 2338 hominum,
1404 2255 1406 2260 ’

247 2383 275 2428 15
298 2366 381 2429 nihil
404 2365 558 2432 fallacius
582 2369 708 2432 ratione
735 2375 806 2431 tota
829 2367 1049 2431 comitiorum.
1097 2366 1182 2445 Quis
1206 2366 1243 2428 L.
1269 2367 1347 2430 Phi·

296 2471 426 2556 lippum
450 2492 581 2536 summo
604 2473 750 2559 ingeni0,
778 2491 887 2555 opera,
912 2471 1028 2556 gratia,
1053 2470 1229 2534 nobilitate
1252 2492 1272 2534 a
1296 2469 1343 2534 M.

328 2713 392 2774 535,
411 2712 473 2761 1-3.
492 2713 537 2760 At
554 2713 636 2762 enim
654 2712 807 2761 introduces
828 2712 936 2775 coming
947 2711 977 2761 oi
993 2711 1117 2775 anight.'
1152 2710 1187 2762 A.
1201 2711 1249 2762 292
1260 2725 1290 2774 ας
1308 2711 1341 2762 G.

294 2789 419 2853 abruptly
432 2790 479 2838 the
490 2789 626 2851 obiection
639 2789 668 2838 oi
678 2802 714 2837 an
726 2802 808 2850 eppo
826 2787 873 2840 667
886 2788 917 2837 R.
931 2790 959 2851 23
976 2789 1013 2838 Η.
1027 2789 1075 2838 649
1086 2788 1120 2838 N.
1135 2790 1163 2850 23
1176 2781 1208 2838 B.
1220 2787 1269 2840 337
1281 2789 1304 2839 5.

294 2871 372 2927 nent3
389 2881 420 2916 so
431 2865 488 2916 also
500 2869 529 2916 ut
541 2865 683 2915 aloneand
695 2867 804 2914 atvero.
858 2863 962 2921 10,11.
980 2877 1076 2926 parva
1094 2877 1175 2921 aura,
1193 2863 1245 2914 abl.
1269 2877 1343 2914 case:

293 2935 431 3004 Pergitis,
443 2943 470 2992 in
484 2943 618 2992 reference
630 2942 729 3003 to§l8.
766 2953 807 2990 ex
827 2941 873 2990 the
896 2941 1001 3003 subject
1024 2941 1053 2990 oi
1078 2943 1226 2992 commutat
1243 2941 1266 2990 is
1284 2941 1342 2992 dies

292 3018 473 3081 syngrapha,
504 3019 548 3069 ‘as
576 3018 598 3067 ii
628 3033 682 3080 you
709 3018 762 3068 had
791 3021 875 3068 aaut
899 3031 959 3068 nou.
996 3015 1080 3066 allud
1104 3019 1215 3078 atque:
1239 3017 1273 3066 A.
1294 3019 1342 3069 247

293 3098 400 3145 written
409 3095 549 3146 contract'
585 3094 805 3156 quemloeum:
826 3096 844 3145 d
850 3110 856 3157 3
875 3094 906 3144 G.
920 3095 976 3156 646,
996 3094 1027 3144 R.
1042 3095 1069 3155 23
1087 3093 1122 3144 H.
1137 3095 1186 3144 459
1199 3096 1226 3156 23
1244 3095 1274 3143 P.
1294 3095 1341 3144 662

293 3186 336 3222 see
348 3187 382 3222 on
396 3173 410 3234 ξ
424 3175 461 3222 ts.
475 3174 514 3222 26.
827 3171 864 3236 (3)
878 3173 900 3222 b.

324 3248 385 3299 5-9.
403 3248 597 3319 Euripum,
624 3251 672 3300 the
689 3249 804 3300 thannel
857 3250 921 3311 §aa
941 3246 1039 3296 15-17.
1056 3247 1081 3296 1,
1100 3246 1258 3312 (Marcium)
1270 3246 1340 3296 Phi·

292 3325 413 3376 between
448 3327 560 3376 Boeotia
596 3327 649 3376 and
685 3326 802 3376 Euboea.
823 3325 950 3386 lippum,
962 3324 1106 3374 candidate
1118 3325 1161 3374 for
1173 3326 1220 3374 the
1234 3325 1340 3374 consul·
1411 3384 1414 3388 Ι

292 3404 424 3462 quantas
441 3437 447 3450 .
463 3438 470 3450 .
487 3439 493 3450 .
509 3401 621 3452 habet:
639 3404 666 3451 in
679 3403 804 3452 translat·
824 3402 885 3463 ship
897 3401 926 3450 ot
937 3401 977 3462 93,
991 3400 1093 3450 elected
1106 3407 1160 3452 two
1173 3415 1249 3464 years
1261 3401 1337 3450 later.

292 3478 338 3540 ing
348 3478 803 3533 insertaverbandsrelative:‘as
823 3476 858 3536 Q.
884 3476 1050 3540 (Lutatium)
1076 3476 1227 3534 Catulum,
1248 3477 1341 3525 candi·

291 3568 336 3603 are
363 3555 409 3603 the
427 3591 433 3604 .
453 3592 459 3605 .
479 3592 485 3604 .
505 3556 603 3616 which,
627 3556 687 3604 etc!
722 3554 1026 3604 ratiodatefor105.
1062 3552 1106 3603 He
1122 3567 1176 3602 was
1193 3552 1339 3602 successful

292 3631 495 3688 comitiorum,
528 3632 643 3694 ‘system
674 3632 703 3681 oi
737 3631 803 3680 elec·
822 3631 866 3680 tor
888 3632 943 3692 102,
968 3631 1022 3680 and
1044 3631 1098 3680 had
1120 3631 1222 3679 Marius
1241 3643 1271 3678 as
1295 3629 1339 3678 iris
1425 3628 1427 3632 ’

291 3705 378 3754 tions'
401 3707 446 3767 (ci.
468 3708 482 3768 ς
502 3708 525 3756 4.
547 3707 599 3768 26),
620 3706 712 3755 differs
734 3707 804 3756 little
823 3707 967 3770 colleague.
1003 3707 1061 3757 The
1073 3708 1153 3757 latter
1164 3713 1211 3770 got
1222 3711 1293 3756 most
1308 3695 1339 3754 ot

290 3781 361 3830 ironr
378 3785 500 3846 ,comitia
527 3783 613 3833 alone.
660 3781 803 3830 Dies...
824 3786 870 3833 the
888 3784 974 3833 credit
993 3785 1037 3834 ior
1054 3785 1101 3833 tlre
1121 3784 1243 3834 iormcr’s
1261 3788 1339 3845 great

290 3857 482 3919 interposita
496 3860 558 3908 ‘the
570 3859 624 3910 loss
636 3859 665 3911 ol
682 3873 698 3912 a
710 3859 761 3927 day
774 3875 804 3911 or
816 3861 927 3930 ,victory
939 3875 1003 3915 over
1015 3861 1062 3909 tire
1075 3861 1176 3912 Cimbri
1189 3860 1217 3909 in
1231 3859 1286 3911 101.
