2924 4372
526 323 606 375 oar.
630 325 655 387 s,
680 325 798 386 §rare
1188 317 1230 382 93

132 497 348 584 ignominiam
365 497 524 561 vitiorum
540 503 686 572 tuorum,
703 518 771 561 non
793 496 837 561 ad
852 497 1067 563 domesticam
1086 506 1179 565 tuam

132 601 365 666 difficultatem
396 621 433 665 ac
464 601 719 686 turpitudinem,
750 601 811 666 sed
840 602 884 666 ad
916 623 1078 667 summam
1111 625 1179 670 rem
1202 621 1233 668 ao

132 705 300 791 publicam
316 712 418 790 atque
435 704 478 769 ad
501 706 650 769 omnium
674 713 826 770 nostrum
842 706 946 770 vitam
969 707 1179 793 salutemque

132 811 313 896 pertinent.
359 809 520 874 Potestne
543 809 604 874 tibi
627 809 708 874 haec
732 811 803 885 lux,
821 809 977 886 Catilina,
999 820 1060 875 aut
1080 811 1181 877 huius
1194 816 1231 880 15

132 914 216 979 caeli
232 913 369 998 spiritus
385 933 456 978 esse
473 912 652 987 iucundus,
664 935 740 977 cunr
757 915 841 978 scias
858 935 929 980 esse
945 913 1066 979 horum
1081 917 1182 980 nemi·
1225 996 1228 1002 ,

133 1039 221 1094 neni,
238 1018 298 1103 qui
314 1018 441 1082 nesciat
456 1023 490 1083 te
508 1017 614 1102 pridie
632 1017 800 1082 Kalendas
818 1016 990 1082 Ianuarias
1005 1018 1130 1103 Lepido
1147 1027 1182 1085 et

134 1119 238 1182 Tullo
261 1117 454 1182 consulibus
478 1119 611 1182 stetisse
634 1119 670 1180 in
693 1119 830 1182 comitio
852 1139 929 1182 cum
951 1118 1029 1194 telo,
1045 1139 1182 1183 manum
1204 1136 1234 1180 as

133 1222 311 1287 consulum
328 1229 363 1286 et
378 1222 567 1308 principum
582 1223 729 1286 civitatis
753 1221 1059 1287 interficiendorum
1083 1244 1182 1288 causa

134 1326 314 1410 paravisse,
332 1325 449 1389 sceleri
464 1345 502 1389 ac
518 1324 623 1389 furori
640 1333 699 1389 tuo
716 1346 782 1389 non
799 1333 945 1390 mentem
960 1326 1109 1410 aliquam
1123 1335 1183 1391 aut

134 1432 289 1495 timorem
304 1436 412 1504 tuum,
428 1427 487 1493 sed
502 1428 672 1493 fortunam
687 1430 805 1514 populi
829 1429 971 1494 Romani
988 1429 1183 1495 obstitisse?

20 1574 29 1585 ·
134 1534 189 1598 Ac
205 1534 272 1598 iam
286 1532 345 1596 illa
370 1533 489 1596 omitto
516 1535 646 1618 (neque
671 1533 761 1597 enim
785 1541 867 1597 sunt
886 1541 948 1597 aut
970 1533 1109 1598 obscura
1124 1542 1184 1600 aut

134 1659 204 1702 non
219 1636 328 1701 multa
343 1637 518 1702 commissa
542 1639 700 1721 postea);
729 1639 886 1723 quotiens
909 1645 949 1702 tu
965 1657 1018 1702 me
1033 1637 1185 1724 designa
1206 1653 1236 1698 ao

135 1751 220 1819 tum,
248 1741 404 1826 quotiens
435 1742 607 1806 consulem
634 1741 820 1806 interficere
850 1749 989 1806 conatus
1015 1741 1072 1807 esl
1100 1749 1184 1826 quot

134 1868 199 1932 ego
223 1852 299 1910 tuas
323 1845 502 1930 petitiones
530 1845 578 1909 ita
605 1845 783 1922 coniectas,
803 1853 843 1910 ut
869 1846 969 1911 vitari
995 1867 1093 1932 posse
1116 1867 1184 1910 non

134 1948 342 2024 viderentur,
369 1970 472 2032 parva
501 1947 645 2033 quadam
676 1946 901 2014 declinatione
931 1956 976 2024 et,
1008 1955 1048 2012 ut
1077 1950 1182 2024 aiunt,

133 2075 272 2138 corpore
297 2051 423 2138 effugii
456 2052 551 2116 Nihil
577 2052 771 2137 adsequeris
799 2074 909 2138 neque
936 2061 1049 2117 tamen
1072 2054 1184 2116 conari

167 2234 213 2292 20,
227 2234 272 2283 21.
291 2232 513 2292 difficultatem,
532 2234 651 2284 ‘embar-
671 2233 760 2283 iorum
789 2234 878 2284 where
913 2235 1046 2298 meetings
1076 2234 1105 2284 oi
1139 2235 1185 2284 the

135 2311 288 2373 rassment,’
302 2311 360 2372 i.e.,
374 2311 401 2358 in
419 2325 514 2374 money
527 2317 651 2371 nratters;
670 2311 765 2373 people
793 2325 862 2360 were
889 2311 962 2372 held,
986 2325 1030 2361 see
1058 2310 1128 2361 Plan
1152 2311 1183 2360 B.

134 2404 180 2439 see
212 2387 356 2452 preceding
382 2395 455 2436 note.
499 2399 651 2436 summam
671 2399 743 2436 cum
770 2387 836 2437 telo
860 2387 963 2447 (=teio
991 2386 1149 2449 orinatum),
1169 2401 1186 2436 a

133 2477 208 2515 rem.
230 2477 266 2527 p,
289 2464 362 2513 what
390 2464 413 2514 is
441 2464 487 2513 the
509 2462 590 2514 fuller
606 2479 652 2512 ex·
672 2463 739 2526 legal
758 2469 825 2514 tenu
850 2463 983 2527 implying
1001 2463 1126 2514 criminai
1147 2465 1186 2512 in·

133 2541 279 2604 pressiori?
316 2541 366 2590 See
383 2555 419 2591 on
439 2541 501 2602 511,
522 2541 559 2589 13.
581 2552 652 2589 nos·
672 2546 738 2588 tent.
776 2552 908 2598 manum,
923 2541 955 2590 ‘a
971 2540 1062 2602 band‚’
1082 2542 1137 2601 i.e.,
1156 2541 1186 2590 oi

132 2621 225 2675 trum,
247 2631 307 2680 gen.
332 2616 367 2679 pl.
387 2617 416 2666 of
441 2631 498 2678 epo,
522 2617 652 2679 denoting
671 2616 811 2678 desperate
822 2631 894 2666 men.

133 2694 296 2756 possession.
343 2693 425 2743 What
443 2694 465 2742 is
483 2694 530 2743 the
547 2693 652 2756 regular
702 2693 749 2742 29.
766 2693 886 2742 omitto.
919 2693 1006 2743 Name
1016 2694 1062 2742 the
1074 2694 1187 2744 rhetori·

133 2770 346 2821 construction?
390 2770 440 2820 See
467 2783 503 2820 on
530 2771 583 2832 ii,
608 2773 648 2820 22.
670 2768 954 2833 calligure,§14,14,
988 2769 1186 2831 nequeenim

134 2847 204 2898 This
226 2861 274 2896 use
297 2847 326 2896 oi
348 2848 396 2898 the
417 2847 537 2910 genitive
566 2847 589 2896 is
614 2847 652 2896 al·
670 2849 751 2904 sunt,
769 2849 819 2896 etc.
836 2869 862 2895 =
875 2859 940 2895 nura
954 2849 980 2895 et
997 2849 1063 2896 nota
1080 2849 1143 2895 eant
1160 2850 1186 2896 et

133 2923 249 2974 lowable
273 2923 337 2986 only
359 2925 439 2973 when
462 2924 509 2973 the
526 2937 649 2986 pronoun
672 2923 760 2973 inulta
783 2923 868 2984 (alia)
894 2926 992 2983 postea
1021 2936 1039 2972 a
1063 2925 1088 2971 te
1117 2936 1187 2973 corrr-

134 3002 158 3051 is
177 3000 372 3062 accompanied
393 3001 427 3063 by
451 3002 578 3061 omnium,
597 3000 650 3050 and
672 3001 755 3050 attissa
767 3001 834 3048 urat

133 3091 203 3128 even
216 3077 282 3126 then
294 3077 342 3126 the
353 3076 459 3142 regular
467 3077 651 3126 construction
698 3075 795 3124 ³2³4.
807 3076 983 3138 petitiones,
994 3077 1041 3126 the
1051 3075 1186 3126 technical

133 3155 344 3205 isascornmon.
380 3154 429 3203 See
441 3153 537 3214 οιιςθ.
553 3153 591 3202 12.
672 3157 740 3201 term
753 3152 849 3201 iorthe
861 3152 964 3202 thrusts
976 3152 1184 3214 oiagladiator.

167 3231 233 3294 §lia
252 3229 299 3286 23,
308 3229 353 3278 24.
365 3241 444 3286 cum,
453 3228 552 3288 cansal,
564 3230 613 3279 but
623 3235 652 3278 to
672 3232 729 3276 ut.
747 3263 752 3275 .
771 3263 777 3275 .
792 3229 981 3286 viderentur,
1001 3229 1077 3276 ‘that
1098 3229 1119 3278 it
1140 3229 1186 3277 did

133 3309 167 3358 he
180 3313 264 3357 trans.
280 3305 393 3356 ‘when’
420 3305 520 3367 pridie
538 3304 651 3354 Kalen·
672 3311 719 3353 not
731 3318 802 3354 seem
815 3305 930 3366 possible
948 3309 977 3354 to
993 3305 1072 3354 avoid
1091 3304 1184 3354 them’

134 3385 199 3441 das,
212 3384 246 3433 A.
260 3382 308 3434 207
325 3382 352 3445 h:
370 3383 402 3432 G.
422 3396 447 3445 p.
462 3383 520 3444 ssu
538 3382 573 3433 H.
593 3382 649 3441 437,
672 3381 730 3429 'i'he
755 3381 868 3444 English
894 3381 977 3430 idiom
1002 3381 1121 3442 requires
1140 3381 1187 3430 the

134 3464 164 3525 1;
183 3459 220 3511 Β..
243 3461 292 3510 144
313 3460 338 3510 2.
378 3459 499 3519 Lepido,
526 3461 588 3523 ete„
612 3455 647 3509 cf.
660 3457 834 3529 'irnpersonal
873 3456 953 3518 torm,
995 3457 1099 3518 though
1139 3457 1187 3507 the

133 3555 161 3604 p.
173 3539 216 3602 23,
235 3535 300 3599 630.
335 3533 433 3588 Cicero
445 3538 510 3598 puts
518 3532 647 3586 thetlme
672 3532 752 3581 Latin
774 3533 876 3595 preiers
897 3534 943 3582 the
969 3531 1102 3594 personal.
1150 3533 1184 3584 A.

133 3627 189 3665 one
206 3610 265 3677 day
283 3608 384 3662 earlier
402 3609 476 3662 than
494 3608 578 3662 other
598 3623 647 3661 eu·
675 3609 788 3673 330t1;
806 3608 839 3662 G.
848 3610 911 3671 52&
930 3607 968 3660 H.
976 3611 1032 3672 531,
1044 3610 1071 3672 1;
1093 3608 1125 3662 B.
1135 3611 1184 3661 332

133 3686 277 3740 thorities,
675 3681 712 3748 b).
735 3684 936 3734 declinatione
943 3686 976 3732 et
984 3695 1117 3744 corpore.
1134 3682 1185 3736 See

163 3763 211 3814 25.
227 3760 411 3812 incomitio.
446 3760 480 3808 In
497 3760 544 3809 the
560 3761 651 3823 singu·
672 3775 708 3810 on
735 3763 749 3822 ἓ
773 3764 796 3823 1,
820 3762 844 3820 7,
868 3761 921 3809 and
952 3767 1034 3822 quote
1061 3767 1116 3810 two
1142 3775 1188 3810 ex-

131 3842 232 3899 tartha
245 3838 317 3892 word
330 3838 441 3889 denotes
452 3851 469 3885 a
480 3842 541 3906 part
558 3837 587 3893 oi
604 3838 650 3892 the
672 3837 782 3907 amples.
810 3840 845 3892 ut
853 3836 946 3898 uuor,
958 3836 1110 3905 frequently
1121 3837 1186 3893 used
