2936 4376
237 296 302 371 268
486 308 527 368 nr
551 307 763 369 cnrrtmnn
786 309 926 368 oarrro
948 312 1110 377 ornari.

1333 433 1339 466 i

291 493 358 555 lare
390 511 456 554 non
487 475 631 574 possum.
679 488 854 560 laciuntur
885 489 973 553 enim
1005 510 1112 564 voees,
1135 483 1234 573 'quae
1267 503 1337 573 per·

292 597 435 662 veniunt
449 593 492 658 ad
514 596 602 657 auris
627 616 716 658 meas
730 617 866 679 eorum,
891 596 950 678 qui
972 595 1079 658 vereri
1104 593 1274 669 videntur,
1298 601 1338 656 ut

292 700 428 764 habeam
475 699 556 762 satis
594 698 750 782 praesidii
782 699 824 761 ad
856 720 903 774 ea,
936 719 1021 783 quae
1054 719 1112 762 vos
1151 698 1336 762 statueritis

253 822 267 866 5
290 805 450 869 hodierno
467 803 530 879 die,
548 803 778 890 transigunda.
827 802 950 867 Omnia
966 810 1001 866 et
1015 803 1149 887 provisa
1165 809 1199 866 et
1221 809 1337 886 parata

291 916 325 973 et
345 908 532 973 constituta
553 915 643 984 sunt,
661 915 772 993 patres
796 907 988 992 conscripti,
1012 927 1086 970 curn
1112 927 1184 969 mea
1206 927 1337 970 summa

292 1035 371 1078 cura
386 1021 488 1098 atque
506 1011 691 1099 diligentia,
717 1021 789 1076 tum
817 1013 916 1076 etiarn
943 1011 1050 1075 multo
1075 1013 1196 1074 maiore
1220 1010 1335 1094 populi

294 1119 435 1182 Romani
452 1117 494 1180 ad
510 1139 676 1180 summum
694 1117 869 1200 imperium
892 1113 1104 1180 retinendum
1130 1122 1164 1178 et
1186 1113 1228 1177 ad
1252 1135 1337 1178 com·

292 1243 408 1286 munes
421 1219 573 1285 fortunas
587 1220 830 1285 conservandas
841 1219 1027 1284 voluntate.
1076 1219 1201 1283 Omnes
1213 1217 1337 1281 adsunt

239 1340 267 1385 ιο
290 1328 437 1390 omnium
455 1325 608 1389 ordinum
632 1325 792 1400 homines,
816 1324 964 1387 omnium
990 1345 1162 1410 generum,
1187 1323 1335 1385 omnium

291 1429 436 1514 denique
468 1436 634 1502 aetatum3
670 1429 806 1513 plenum
840 1437 892 1492 est
922 1427 1042 1503 iorum,
1075 1427 1173 1510 plena
1211 1427 1337 1511 templa

247 1597 249 1601 ,
291 1535 416 1598 circum
447 1533 567 1609 forum,
600 1533 691 1616 pleni
723 1553 837 1596 omnes
869 1531 980 1596 aditus
1011 1531 1111 1594 huius
1143 1530 1260 1614 templi
1298 1551 1336 1593 ae

290 1639 366 1702 loci.
413 1637 523 1701 Causa
550 1645 601 1701 est
627 1637 714 1701 enim
741 1645 818 1720 post
845 1635 960 1700 urbem
989 1633 1156 1700 conditam
1185 1633 1266 1699 haee
1289 1635 1336 1697 in·

267 1750 391 1826 “venta
412 1743 491 1818 sola,
513 1743 548 1804 in
572 1763 639 1826 qua
662 1762 776 1805 omnes
800 1741 966 1806 sentirent
993 1761 1097 1803 unum
1122 1747 1223 1824 atque
1247 1736 1335 1803 idem

238 1863 267 1908 15
289 1855 419 1931 praeter
449 1867 514 1922 eos,
547 1847 606 1931 qui
638 1867 712 1910 eum
745 1845 806 1910 sibi
839 1843 994 1910 viderent
1020 1865 1091 1910 esse
1115 1842 1335 1928 pereundum,

239 1956 274 2016 15
288 1973 362 2015 euru
381 1950 533 2014 omnibus
550 1951 663 2035 potius
680 1972 780 2035 quam
798 1950 860 2015 soli
872 1949 979 2034 perire
997 1951 1188 2014 voluerunt.
1224 1947 1335 2013 Hosee

291 2077 352 2140 ego
368 2055 517 2118 homines
541 2055 671 2139 excipio
695 2061 730 2117 et
753 2075 890 2118 secerno
917 2053 1072 2118 lubenter
1095 2074 1205 2137 neque
1231 2053 1266 2115 in
1290 2052 1337 2114 in·

291 2158 468 2243 proborum
514 2159 649 2234 civium,
692 2157 750 2222 sed
789 2159 822 2219 in
862 2157 1148 2222 acerbissimorum
1187 2157 1335 2221 hostium

290 2284 429 2328 numero
454 2262 623 2327 habendos
651 2269 742 2346 puto.
791 2260 902 2325 Ceteri
935 2283 1023 2339 vero,
1055 2261 1089 2325 di
1120 2259 1335 2325 inmortales!

236 2382 266 2429 ao
286 2389 354 2453 qua
369 2368 570 2451 frequentia,
588 2387 655 2450 quo
672 2365 794 2440 studi0,
818 2387 885 2449 qua
907 2366 1034 2431 virtute
1057 2365 1100 2430 ad
1124 2387 1335 2430 communem

289 2473 432 2536 salutem
471 2471 739 2558 dignitatemque
779 2469 1016 2534 consentiunt!
1065 2469 1157 2550 Quid
1188 2491 1250 2556 ego
1281 2469 1335 2533 hie

288 2588 473 2594 ·--———-·-
504 2585 1334 2593 -·—-——-————-———-————-—

318 2631 343 2687 2,
355 2629 381 2678 3.
402 2629 562 2677 laciuntur
577 2640 681 2684 voces,
697 2628 799 2676 ‘There
823 2630 843 2676 it
866 2629 888 2678 is
911 2629 1040 2692 probably
1060 2643 1076 2678 a
1099 2634 1159 2691 part
1182 2628 1211 2678 oi
1232 2642 1267 2676 an
1290 2627 1334 2677 old

287 2720 331 2755 are
354 2705 478 2768 repeated
502 2706 530 2752 in
554 2719 598 2766 my
618 2704 731 2766 hearing
753 2705 799 2752 the
821 2705 888 2767 legal
906 2720 937 2754 or
954 2706 1080 2768 religious
1097 2704 1226 2754 formula:
1244 2719 1287 2754 see
1299 2719 1335 2753 on

288 2783 373 2832 words
385 2783 422 2842 oi,
434 2781 495 2831 ete'
525 2785 573 2829 ut:
591 2781 720 2844 meaning
730 2781 800 2830 after
821 2782 890 2830 Mur.
915 2781 961 2831 27.
986 2783 1025 2832 40.
1078 2781 1160 2832 What
1187 2781 1287 2843 temple
1312 2781 1335 2830 ls

287 2873 303 2907 a
315 2860 379 2908 verb
390 2859 419 2908 of
435 2859 564 2920 iearing?
821 2858 936 2907 meant?

319 2934 400 2984 5-10.
419 2934 734 2984 Omnia:1mmovero
747 2949 799 2984 om-
852 2932 915 2989 §lh
941 2933 1045 2992 17‚19.
1074 2933 1283 2996 inproborum,
1304 2947 1334 2982 as

287 3015 353 3061 nto:
370 3025 414 3060 see
431 3024 466 3058 on
484 3008 531 3065 ii.
551 3011 575 3058 5.
611 3022 731 3059 summa
748 3047 754 3059 .
771 3047 798 3058 ..
820 3011 847 3058 in
860 3007 872 3065 i
885 3009 908 3061 7.
924 3011 954 3060 10
971 3007 1060 3066 oriss.
1074 3010 1130 3060 32?
1163 3009 1279 3059 Ceteri:
1300 3010 1334 3058 he

286 3089 416 3137 maiore:
434 3100 477 3136 see
494 3100 529 3136 on
548 3087 601 3137 ΙΙΙ.
615 3087 661 3134 13.
670 3088 710 3137 48.
745 3099 800 3136 vo·
820 3100 880 3135 now
897 3101 960 3150 goes
978 3087 1096 3150 through
1119 3086 1153 3135 all
1172 3088 1219 3136 the
1237 3086 1334 3136 classes

286 3164 522 3212 luntate:notice
534 3163 569 3212 its
582 3165 718 3226 emphatic
730 3165 800 3226 posi·
820 3164 855 3226 by
882 3169 970 3224 turns,
1000 3165 1172 3227 mentioning
1203 3163 1260 3212 first
1287 3165 1334 3212 the

287 3242 353 3289 tion.
389 3239 540 3295 ordinum,
565 3252 724 3300 generum:
752 3241 799 3290 the
820 3240 932 3303 knights
961 3239 1018 3302 (the
1041 3241 1202 3302 disposition
1231 3227 1267 3288 oi¹
1287 3241 1334 3288 the

287 3315 385 3364 second
397 3315 468 3364 word
482 3316 504 3364 ls
516 3330 532 3365 a
543 3315 613 3365 little
625 3317 708 3365 vvider
720 3318 747 3365 in
766 3319 799 3366 its
820 3321 912 3366 senate
924 3317 1005 3379 being
1021 3316 1115 3378 clear),
1129 3317 1195 3366 then
1214 3317 1260 3365 the
1277 3315 1335 3364 offl-

286 3397 380 3440 extent
392 3393 458 3441 than
472 3392 519 3441 the
531 3392 596 3442 first.
820 3392 871 3442 cial
883 3393 980 3442 classes
997 3392 1055 3454 (the
1069 3393 1139 3442 Civil
1158 3393 1265 3442 service
1278 3391 1334 3453 (see

328 3467 430 3526 11,13.
454 3469 619 3531 plenum,
640 3469 796 3520 ‘crowded'
820 3485 845 3532 p.
865 3471 905 3530 68,
929 3470 955 3527 §i
978 3470 1018 3530 70,
1043 3470 1095 3532 71),
1115 3483 1155 3519 vve
1178 3470 1265 3531 might
1282 3469 1333 3529 call

287 3545 404 3594 circum
426 3545 542 3594 forum:
567 3547 610 3596 ior
633 3547 679 3595 the
701 3548 798 3609 phrase
819 3546 916 3608 them),
935 3547 1001 3595 then
1021 3547 1068 3595 the
1088 3546 1196 3609 general
1216 3545 1287 3608 body
1304 3546 1334 3594 of

286 3623 320 3671 ci.
335 3620 382 3678 ii).
396 3624 420 3684 3,
439 3623 493 3672 and
510 3624 570 3686 give
587 3625 635 3672 the
652 3637 726 3672 more
743 3639 799 3673 cor·
818 3623 943 3671 ireeborn
966 3624 1086 3682 citizens,
1105 3622 1159 3671 and
1187 3621 1267 3682 lastly
1287 3622 1333 3670 the

286 3704 341 3748 rect
363 3700 442 3749 form.
494 3700 604 3762 templi
629 3712 666 3748 ac
689 3700 760 3757 loci,
782 3715 798 3748 a
818 3699 957 3747 freedmen
975 3699 1027 3747 and
1045 3698 1141 3748 slaves.

286 3774 425 3836 pleonasm
441 3789 567 3825 common
585 3777 613 3824 in
631 3776 732 3838 Cicero,
751 3777 797 3825 the
850 3775 895 3822 21.
919 3775 1126 3832 consentiunt,
1149 3774 1241 3824 ‘show
1262 3774 1335 3822 their

286 3851 363 3902 order
382 3853 463 3916 being
485 3853 639 3902 sometimes
662 3853 796 3914 reversed;
818 3850 965 3912 approvat’
