2954 4374
469 341 550 394 cnr.
572 341 660 404 acar,
685 343 699 406 e
723 341 810 396 aare.
1147 333 1209 398 209

107 515 201 601 quod
231 513 332 580 habes
362 515 670 580 nomenclatorem?
700 515 734 578 in
765 535 805 580 eo
835 514 974 600 quidem
1004 513 1093 582 fallis
1124 526 1159 584 et

108 619 246 705 decipis.
292 619 388 694 Nam,
413 619 443 684 si
464 619 597 684 nomine
625 619 787 706 appellari
816 619 875 684 abs
907 627 940 686 te
971 619 1055 686 civis
1081 629 1156 687 tuos

108 725 287 790 honestum
310 731 371 800 est,
396 731 493 810 turpe
523 731 576 790 est
604 745 660 790 eos
692 725 837 790 notiores
868 746 940 790 esse
970 747 1067 792 servo
1097 735 1156 793 tuo
1179 743 1208 790 aa

109 851 210 915 quam
227 827 300 894 tibi.
346 825 449 909 Quid,
466 827 568 913 quod,
593 849 671 894 cum
694 827 893 906 admoneris,
920 837 1042 908 tamen,
1059 833 1155 917 quasi

108 941 182 1000 tute
213 934 314 1011 noris,
345 935 393 999 ita
420 933 572 998 salutas?
617 932 719 1013 Quid,
747 932 848 1019 quod,
879 943 1096 1020 posteaquam
1120 958 1155 1002 es

107 1038 315 1126 designatus,
340 1038 447 1105 multo
473 1037 600 1103 salutes
627 1038 883 1125 neglegentius?
930 1037 1022 1104 Haec
1045 1041 1156 1105 omnia

106 1141 149 1206 ad
173 1143 334 1207 rationem
359 1143 506 1207 civitatis
532 1142 559 1206 si
587 1141 728 1228 derigas,
753 1149 844 1207 recta
872 1149 972 1218 sunt3
1003 1144 1054 1207 siu
1086 1165 1156 1230 per·

105 1247 251 1333 pendere
291 1246 334 1312 ad
375 1246 570 1332 disciplinae
608 1255 784 1332 praecepta
817 1245 910 1322 velis,
947 1249 1156 1332 reperiantur
1177 1266 1208 1312 to

105 1353 315 1438 pravissima.
361 1350 472 1430 Quare
489 1373 551 1417 nec
567 1351 655 1437 plebi
668 1351 835 1417 Romanae
848 1351 1010 1436 eripiendi
1024 1351 1154 1419 fructus

105 1457 162 1521 isti
201 1464 284 1522 sunt
320 1455 488 1532 ludorum,
519 1455 755 1544 gladiatorum,
787 1457 1028 1532 conviviorum,
1068 1479 1153 1543 quae

104 1563 219 1626 omnia
251 1562 390 1626 maiores
421 1563 526 1625 nostri
558 1568 848 1646 comparaverunt,
880 1582 940 1625 nec
968 1559 1153 1628 candidatis

105 1667 171 1731 ista
185 1665 376 1753 benignitas
392 1662 570 1731 adimenda
593 1674 653 1742 est,
678 1687 765 1752 quae
789 1664 1022 1731 liberalitatem
1047 1667 1153 1753 magis

104 1770 276 1858 significat
291 1791 389 1856 quam
408 1771 631 1857 largitionem.
1176 1788 1205 1834 aa

149 1892 297 1940 xxxvn.
322 1875 372 1939 Αι
386 1875 475 1940 enim
502 1881 535 1940 te
560 1874 602 1938 ad
626 1873 851 1940 accusandum
873 1897 925 1940 res
949 1875 1084 1962 publica
1099 1875 1205 1944 aii-78

103 1981 216 2046 (luxit.
263 1977 382 2056 Credo,
401 1979 494 2056 Cato,
513 1987 545 2045 te
573 1981 637 2044 isto
664 1980 774 2045 animo
801 1987 903 2066 atque
932 2002 970 2044 ea
997 1982 1152 2067 opinione

105 2086 260 2160 venisse;
284 2083 343 2149 sed
360 2093 396 2148 tu
414 2083 640 2169 imprudentia
663 2084 792 2149 laberis.
841 2085 913 2170 Ego
939 2083 1031 2170 quod
1055 2085 1151 2164 facio,
1176 2160 1179 2166 ¹

103 2189 244 2266 iudices,
260 2210 338 2254 cum
359 2189 525 2253 amicitiae
548 2186 792 2275 dignitatisque
809 2187 846 2252 L.
863 2189 1023 2255 Murenae
1047 2191 1154 2277 gratia

102 2295 203 2370 facio,
219 2301 293 2358 tum
318 2314 371 2357 mc
397 2293 496 2378 paciS,
514 2294 584 2369 otii,
600 2292 806 2369 concordiae,
822 2293 996 2370 liber-tatia,
1023 2295 1152 2371 salutis,
1188 2309 1205 2355 a

103 2401 195 2465 vitae
206 2397 352 2482 denique
364 2397 513 2461 omnium
527 2404 679 2462 nostrum
696 2419 796 2462 causa
813 2396 920 2463 facere
932 2398 1037 2463 clamo
1049 2407 1151 2484 atque

103 2511 220 2570 testor.
266 2500 406 2578 Audite,
430 2500 544 2566 audite
570 2502 753 2578 consulem,
780 2501 918 2578 iudices
935 2502 1019 2567 nihil
1043 2501 1152 2580 dicam

137 2676 151 2738 ς
171 2674 218 2727 Π.
256 2672 308 2721 33.
344 2672 617 2722 nomenclatorem.
638 2674 726 2733 state,'
742 2675 796 2736 i.e.,
810 2675 856 2724 the
869 2673 952 2724 result
964 2675 994 2724 oi
1011 2689 1077 2737 your
1089 2690 1150 2725 can-

104 2750 270 2802 Candidates
292 2763 362 2798 were
389 2749 561 2798 accustomed
589 2754 618 2799 ιο
639 2763 697 2797 vass
717 2748 796 2811 (your
814 2750 941 2810 electiori)
964 2761 1019 2799 was
1042 2751 1084 2800 ior
1103 2752 1150 2800 the

103 2827 168 2876 taire
186 2825 232 2874 the
243 2829 319 2874 voter
330 2824 365 2886 by
377 2824 423 2871 tire
440 2823 513 2872 hand
527 2822 618 2886 (pren-
637 2823 727 2884 public
753 2825 831 2887 good,
855 2825 911 2886 but,
936 2831 986 2874 etc.
1021 2837 1149 2887 perpen-

102 2901 270 2964 screiwhen
282 2900 346 2961 they
355 2898 437 2948 asked
450 2899 493 2947 for
502 2899 544 2948 his
556 2913 617 2961 snp-
637 2897 723 2948 dere:
753 2901 787 2948 cf.
813 2899 862 2962 §3.
887 2902 910 2950 2.
957 2898 1149 2964 disciplinae,

102 2983 175 3042 port,
188 2977 242 3027 and
255 2977 310 3026 this
327 2976 402 3026 show
413 2975 443 3024 of
459 2975 616 3037 familiarity
638 2974 700 3024 ‘the
714 2975 813 3038 (Stoici
828 2973 944 3026 school]

102 3055 158 3105 and
178 3053 319 3116 cordiality
335 3051 414 3100 made
435 3051 457 3100 it
476 3065 616 3113 necessary

102 3134 147 3183 for
169 3133 246 3181 them
267 3135 296 3180 ιο
318 3131 399 3180 know
421 3134 450 3178 at
478 3129 546 3178 least
574 3129 616 3178 his
669 3125 741 3188 §ta
760 3125 822 3174 1-3.
839 3139 889 3176 res
919 3127 1053 3190 publica,
1085 3129 1149 3177 ‘the

102 3224 192 3259 name.
228 3208 304 3270 They
315 3207 378 3268 had,
391 3206 536 3262 therefore,
549 3207 615 3255 with
637 3203 761 3251 interests
779 3203 809 3251 oi
830 3202 877 3251 the
898 3202 995 3265 state3’
1020 3203 1075 3254 this
1095 3219 1149 3254 was

103 3288 179 3336 them
191 3285 278 3335 slaves
289 3283 537 3344 (nomenclatores),
550 3283 615 3331 with
636 3277 683 3326 the
702 3291 798 3327 reason
818 3277 941 3340 assigned
960 3279 995 3342 by
1017 3278 1084 3329 Cato
1107 3279 1150 3328 ior

101 3378 119 3412 a
137 3363 224 3412 taient
243 3360 287 3409 for
303 3359 502 3420 remembering
524 3371 616 3408 names
636 3354 727 3416 acting
738 3367 768 3403 as
779 3354 954 3415 subscriptor.
992 3368 1029 3404 ea
1043 3379 1068 3404 =
1083 3358 1146 3415 istu,

102 3439 252 3499 audieras,
266 3435 480 3498 whoprompted
498 3435 573 3483 them
589 3435 615 3483 in
636 3431 711 3479 often
732 3431 797 3479 used
817 3432 880 3480 thus
903 3436 932 3480 ιο
951 3433 1014 3481 take
1037 3447 1073 3495 up
1094 3432 1147 3481 and

102 3528 119 3564 a
142 3514 259 3574 whlsper
280 3512 359 3561 when
387 3511 452 3572 they
473 3508 614 3559 addresseii
637 3521 712 3570 carry
735 3521 771 3555 on
794 3521 810 3556 a
836 3507 980 3571 preceding
1008 3509 1062 3565 bic,
1086 3511 1146 3567 tete,

101 3595 246 3652 strangam.
306 3585 445 3645 Plutarch,
482 3584 615 3646 however,
637 3598 667 3631 or
683 3584 749 3644 uia·
772 3583 807 3633 ci.
827 3585 865 3645 id,
883 3585 897 3646 ᾗ
917 3585 956 3634 29.
977 3585 1015 3634 28.
1051 3585 1148 3646 opini-

101 3662 240 3727 expressiy
261 3661 354 3711 denies
381 3661 442 3710 that
467 3657 535 3708 Cato
563 3673 617 3708 em-
637 3670 703 3714 one,
724 3673 740 3706 a
763 3658 803 3720 sly
825 3660 915 3707 tiu-usi
938 3663 966 3706 at
989 3659 1065 3720 Cato,
1088 3660 1148 3708 who

101 3739 200 3804 ployed
217 3739 284 3788 such
301 3752 317 3787 a
333 3737 414 3787 slave.
636 3734 844 3796 acknowlcdged
863 3749 899 3784 no
918 3735 1090 3796 ‘opinions't
1111 3735 1145 3785 ci.

134 3813 181 3872 39,
193 3813 239 3863 40.
253 3813 293 3862 ad
305 3813 458 3862 rationem
470 3811 616 3867 civitatis,
637 3811 650 3871 ᾖ
663 3813 702 3860 61.
717 3811 755 3858 34.
790 3809 1007 3872 imprudentia,
1027 3811 1102 3860 ‘lack
1120 3811 1149 3859 oi

103 3889 264 3956 ‘according
280 3893 309 3938 to
321 3889 368 3938 the
380 3887 507 3941 intereste
523 3886 554 3934 οι
570 3887 617 3935 tha
637 3883 793 3953 foresight3'
813 3885 868 3948 i.e.,
887 3885 934 3934 the
950 3886 1004 3935 real
1021 3886 1103 3936 necds
1119 3886 1149 3942 oi
