2870 4376
222 291 286 364 508
549 306 622 362 eno
645 306 675 362 r.
700 306 827 364 snsno
851 306 1000 364 omno.

275 481 403 548 viribus
427 504 486 567 per
509 482 643 548 caedem
662 506 705 564 ¹ac
739 483 878 550 vulnera
908 493 969 550 aut
999 485 1126 570 eripere
1157 491 1216 569 aut
1246 483 1323 549 reti-

273 607 350 652 nere
367 587 582 670 potuissent?
630 587 698 666 Qui
723 589 827 672 igitur
852 589 951 672 primi
974 590 1101 652 virtute
1128 595 1163 652 et
1179 589 1322 652 consilio

220 705 249 752 15
270 690 454 774 praestanti
493 691 691 766 extiterunt,
724 693 747 754 ii
779 700 954 776 perspecto
994 713 1117 778 genere
1155 691 1323 756 humanae

272 794 453 859 docilitatis
485 801 587 879 atque
619 796 748 881 ingenii
780 795 970 880 dissupatos
1005 817 1111 860 unum
1143 796 1178 858 in
1209 796 1324 886 locum

272 905 522 986 congregarunt
559 919 684 982 eosque
728 921 770 964 ex
813 899 946 964 feritate
963 919 965 927 ’
983 901 1041 964 illa
1076 899 1119 963 ad
1156 900 1324 964 iustitiam

271 1009 374 1086 atque
391 1001 434 1066 ad
449 1001 744 1069 mansuetudinem
764 1003 1041 1069 transduxerunt.
1090 1005 1178 1068 Tum
1202 1025 1256 1068 res
1280 1004 1325 1068 ad

272 1127 481 1172 communem
499 1108 694 1185 utilitatem,
719 1130 803 1193 quas
829 1108 980 1194 publicas
1002 1109 1222 1193 appellamus,
1247 1115 1326 1172 tum

217 1223 248 1270 ao
269 1205 506 1276 conventicula
529 1211 713 1288 hominum,
737 1235 824 1297 quae
850 1221 967 1298 postea
992 1214 1148 1278 civitates
1175 1213 1327 1276 nomina-

272 1322 325 1378 tae
341 1321 432 1390 sunt,
449 1322 524 1379 tum
542 1314 711 1380 domicilia
735 1318 923 1394 coniuncta,
942 1338 1026 1402 quas
1044 1317 1142 1383 urbes
1167 1317 1325 1393 dicimus,

269 1418 410 1482 invento
427 1424 462 1482 et
477 1418 594 1484 divino
612 1421 683 1484 iure
700 1427 736 1485 et
751 1421 898 1485 humano
915 1421 1090 1487 moenibus
1112 1429 1325 1505 saepserunt.

218 1519 258 1581 92
272 1523 390 1607 Atque
406 1522 496 1588 inter
511 1523 596 1588 hanc
613 1525 718 1588 vitam
734 1526 933 1611 perpolitam
951 1526 1161 1592 humanitate
1177 1533 1213 1592 et
1227 1525 1325 1590 illam

269 1627 450 1692 immanem
466 1627 552 1691 nihil
568 1635 637 1692 tam
656 1629 798 1693 interest
814 1650 918 1713 quam
942 1629 995 1692 ius
1018 1637 1121 1713 atque
1146 1629 1206 1694 vis.
1255 1627 1327 1693 Ho

216 1744 246 1790 aa
268 1751 342 1794 rum
357 1740 433 1794 utro
449 1733 502 1796 uti
517 1733 689 1809 nolumus,
707 1734 812 1798 altero
831 1740 883 1798 est
898 1732 1075 1798 utendum.
1122 1733 1203 1796 Vim
1228 1733 1327 1796 volu·

269 1856 344 1898 mus
371 1836 550 1922 extingui3
576 1837 629 1900 ius
656 1837 767 1901 valeat
793 1859 927 1902 necesse
954 1845 1015 1911 est,
1040 1836 1076 1900 id
1103 1844 1156 1901 est
1185 1835 1326 1909 iudicia,

272 1939 395 2023 quibus
423 1960 521 2004 omne
553 1940 607 2002 ius
637 1942 839 2005 continetur.
887 1940 1018 2005 Iudicia
1049 1940 1232 2024 displicent
1262 1949 1329 2004 aut

269 2044 364 2107 nulla
391 2050 491 2120 sunt;
515 2044 567 2108 vis
599 2043 794 2110 dominetur
824 2067 959 2110 necesse
985 2051 1046 2110 est.
1094 2043 1170 2108 Hoc
1202 2042 1329 2108 vident

268 2168 403 2222 omnes;
428 2146 512 2210 Milo
540 2155 575 2210 et
598 2146 686 2212 vidit
706 2156 741 2212 et
765 2148 857 2225 fecit,
874 2156 915 2214 ut
939 2149 992 2213 ius
1015 2149 1234 2233 experiretur,
1251 2149 1327 2214 vim

214 2264 245 2309 ao
267 2251 462 2334 depelleret.
509 2251 630 2315 Altero
646 2252 698 2315 uti
715 2253 839 2330 voluit,
856 2262 897 2319 ut
919 2253 1029 2317 virtus
1052 2252 1227 2317 audaciam
1250 2254 1328 2317 vin-

268 2363 381 2429 ceret;
405 2354 511 2419 altero
527 2375 609 2418 usus
626 2358 812 2421 necessario
835 2364 897 2433 est,
914 2378 956 2421 ne
980 2357 1088 2421 virtus
1116 2356 1158 2422 ab
1181 2355 1329 2420 audacia

267 2460 470 2524 vinceretur.
518 2458 712 2543 Eademque
743 2462 829 2526 ratio
859 2460 928 2525 fuit
958 2459 1046 2526 Sesti
1081 2461 1110 2524 si
1142 2460 1253 2524 minus
1288 2462 1328 2523 in

267 2562 456 2627 accusando
482 2566 611 2646 (neque
637 2564 726 2626 enim
750 2586 809 2648 per
831 2566 940 2630 omnis
964 2563 1033 2630 fuit
1057 2563 1145 2629 idem
1171 2563 1242 2628 fieri
1267 2586 1330 2629 ne·

295 2692 397 2741 17-22.
419 2692 552 2750 feritate,
565 2692 677 2756 ‘savage
687 2695 775 2744 state.'
805 2697 939 2763 directing
950 2701 1086 2749 attention
1099 2703 1127 2748 to
1139 2712 1223 2747 anew
1230 2698 1329 2760 point:

263 2768 543 2822 mansuetudinem.
576 2769 775 2822 ‘civilization'
805 2774 839 2823 ei.
860 2789 893 2826 ac
911 2776 962 2838 Ep.
983 2775 1033 2826 IV.
1049 2775 1074 2823 2.
1090 2776 1134 2834 223
1153 2773 1219 2824 Sull.
1234 2773 1261 2821 3.
1282 2775 1326 2824 30.

263 2856 315 2895 res
329 2844 564 2916 adlutilitatem,
584 2846 776 2910 ‘thingsnsed
804 2850 880 2900 nihil
913 2855 978 2901 tam
1010 2851 1151 2908 interest,
1183 2849 1331 2914 ‘nothing

264 2922 293 2971 ln
310 2922 455 2984 common,’
476 2937 498 2972 e.
512 2937 548 2985 g„
562 2927 667 2985 streets,
687 2925 776 2986 public
804 2927 896 2976 marks
915 2928 962 2976 the
978 2915 1126 2976 difference
1147 2939 1178 2976 so
1200 2923 1327 2988 clearly!

264 2997 409 3060 buildings,
420 2999 525 3048 market
534 2999 630 3062 places.
668 3001 776 3050 Forthe
804 3001 951 3052 Horum
985 3005 1064 3060 utro,
1094 2989 1270 3051 ‘whicheve'r
1295 3003 1330 3051 oi

263 3075 361 3137 phrase
372 3075 464 3138 joined
476 3076 589 3139 directly
601 3082 629 3126 to
643 3079 689 3126 the
701 3091 775 3126 noun
804 3078 891 3127 these:
901 3079 907 3103 ’
918 3081 979 3128 utro
990 3102 1015 3128 -.
1025 3081 1214 3140 utrocumque.
1238 3075 1329 3134 Vim,

264 3150 299 3200 ci.
313 3151 364 3202 IV.
378 3149 404 3199 9.
423 3151 521 3212 3;111.
542 3150 588 3200 11.
607 3153 714 3214 21310.
736 3155 773 3202 13.
804 3160 869 3203 etc:
893 3155 998 3204 instead
1018 3155 1047 3204 oi
1070 3169 1087 3204 a
1106 3153 1204 3204 formal
1228 3155 1330 3203 condi-

265 3239 342 3288 quas
364 3227 473 3276 urbes:
490 3228 533 3277 for
554 3231 656 3292 gender
677 3230 708 3279 oi
730 3231 776 3279 the
804 3231 889 3279 tional
909 3236 1035 3280 sentence
1051 3245 1091 3280 we
1109 3231 1179 3280 have
1195 3229 1242 3278 the
1261 3244 1330 3292 pro-

262 3303 374 3354 relative
394 3318 438 3354 see
458 3319 494 3356 on
516 3306 585 3356 Mur.
608 3306 654 3356 58.
676 3308 697 3356 1.
733 3305 776 3354 in·
804 3307 868 3356 tasis
891 3307 944 3356 and
966 3307 1093 3370 apodosis
1113 3305 1202 3356 stated
1225 3319 1255 3354 as
1282 3307 1330 3354 in-

262 3383 360 3430 vento
385 3416 414 3429 ..
445 3417 450 3429 .
474 3386 666 3444 saepserunt,
691 3382 777 3432 ‘after
803 3382 957 3445 dependent
983 3383 1196 3446 thoughts-so
1224 3382 1254 3430 in
1286 3382 1330 3432 all

263 3456 354 3506 divine
365 3457 419 3506 end
431 3459 534 3508 human
542 3459 593 3510 law
603 3459 656 3508 had
666 3459 776 3508 become
803 3458 956 3522 languages.
992 3458 1098 3507 valeat
1122 3457 1329 3519 (subjunctive)

263 3533 364 3582 known
407 3535 472 3595 they
505 3535 674 3584 surrounded
708 3536 775 3584 with
803 3533 1331 3590 neeesseestzbutiiiii.14oitom

262 3608 355 3660 walls)
391 3609 426 3660 In
443 3610 560 3660 Cicero's
576 3611 642 3660 time
660 3611 707 3660 the
723 3612 776 3661 ior·
804 3611 912 3672 defendi
938 3608 1096 3673 (infinitive)
1115 3623 1232 3668 necesse,
1254 3615 1331 3660 etc:

261 3685 336 3736 tifled
348 3685 402 3748 city
411 3700 466 3736 was
478 3687 526 3736 the
543 3687 651 3750 highest
663 3701 776 3750 concep·
803 3687 837 3736 ei.
859 3688 921 3750 sps.
941 3686 977 3740 V·
997 3687 1023 3735 1.
1043 3687 1059 3736 ὅ
1081 3685 1135 3736 end
1158 3683 1210 3736 IV.
1230 3683 1259 3734 2.
1281 3687 1328 3736 30.

261 3762 362 3812 tionoi
378 3767 485 3812 astate.
801 3763 885 3821 iecit,
911 3766 965 3812 ut:
993 3763 1029 3813 ci.
1054 3763 1068 3824 ᾗ
1096 3763 1136 3812 89.
1160 3761 1200 3812 29.
1229 3761 1331 3826 ratio,

294 3837 370 3906 592.
399 3837 500 3890 23-32.
534 3839 648 3904 Atque,
675 3837 772 3906 ‘nova’
804 3837 931 3894 ‘course’
