2870 4376
438 321 517 376 car.
541 321 632 386 reto,
656 324 670 388 s
694 323 811 375 104-106.
1134 306 1198 378 519

85 496 190 560 omni
218 496 461 582 significatione
488 494 659 560 florebant.
706 495 770 560 His
795 497 830 559 in
856 495 988 560 theatro
1013 497 1147 581 plaude·

85 600 208 677 batur,
225 601 259 664 hi
275 599 455 686 suffragiis,
470 600 561 685 quod
579 599 830 677 contenderant,
844 599 1145 686 consequebantur,

86 704 218 768 horum
245 704 395 768 homines
428 725 559 780 nornen,
588 703 780 781 orationem,
807 705 952 781 vultum,
979 706 1145 771 incessum

88 807 265 873 amabant.
312 808 380 887 Qui
403 817 516 872 autem
540 808 800 873 adversabantur
824 810 855 873 ei
878 811 1003 895 generi,
1027 833 1147 897 graves
1170 827 1199 873 25

89 919 129 977 et
146 913 262 998 magni
287 911 438 976 homines
462 911 688 987 habebantur3
712 912 772 977 sed
787 913 945 978 valebant
967 914 1002 976 in
1025 923 1146 980 senatu

90 1017 255 1092 multum,
278 1015 370 1101 apud
395 1015 498 1080 bonos
525 1017 614 1080 viros
645 1017 838 1100 plurimum,
865 1017 1075 1082 multitudini
1099 1021 1147 1083 iu-

91 1119 202 1184 cundi
229 1141 295 1184 non
321 1127 425 1196 erant,
451 1119 621 1206 suffragiis
655 1118 890 1186 offendebatur
915 1143 1012 1206 saepe
1040 1143 1155 1186 eorum

92 1224 276 1300 voluntas3
300 1225 457 1310 plausum
473 1245 552 1288 vero
569 1225 668 1288 etiam
686 1225 715 1287 si
733 1226 808 1309 quis
825 1247 947 1290 corum¹
964 1226 1146 1311 aliquando

92 1337 281 1412 acceperat,
295 1350 336 1394 ne
354 1327 437 1413 quid
453 1337 631 1414 peccasset,
645 1329 908 1414 pertimescebat.
955 1330 1007 1394 Ac
1024 1337 1147 1408 tamen,
1170 1347 1200 1392 30

93 1433 124 1496 si
142 1453 229 1516 quae
246 1455 297 1497 rcs
314 1442 386 1498 erat
402 1435 513 1508 maior,
531 1433 620 1498 idem
643 1435 700 1498 ille
724 1434 870 1518 populus
894 1434 1012 1497 horum
1035 1442 1147 1500 aucto-

94 1537 197 1602 ritate
215 1539 358 1602 maxime
374 1537 654 1602 commovebatur.

141 1658 174 1703 L.
206 1640 316 1717 Nunc,
333 1642 397 1706 nisi
414 1663 465 1705 me
482 1641 581 1717 fallit,
598 1643 633 1703 in
657 1663 695 1706 eo
719 1649 809 1706 statu
833 1642 951 1706 civitas
976 1650 1037 1718 est,
1054 1650 1102 1718 ut,
1120 1644 1148 1708 si
1162 1645 1220 1709 106

96 1767 215 1829 operas
232 1744 474 1809 conductorum
497 1745 688 1820 removeris
705 1767 820 1810 omnes
843 1745 933 1810 idem
956 1745 997 1810 de
1013 1767 1048 1811 re
1064 1745 1146 1831 pub-

96 1849 164 1912 lica
180 1850 312 1913 sensuri
327 1871 397 1914 esse
417 1848 604 1913 videantur.
651 1850 786 1914 Etenim
803 1850 909 1914 tribus
926 1851 1007 1914 locis
1023 1851 1147 1937 signifi-

97 1955 166 2018 cari
185 1954 326 2018 maxime
343 1953 384 2018 de
401 1976 435 2019 re
456 1954 589 2038 publica
612 1955 729 2038 populi
756 1955 897 2018 Romani
922 1954 1085 2019 iudicium
1108 1977 1146 2020 ac

97 2060 257 2124 voluntas
283 2067 406 2144 potest,
430 2059 595 2133 contione,
621 2059 775 2133 comitiis,
801 2057 958 2122 ludorum
989 2058 1149 2144 gladiato·
1184 2075 1199 2121 t

98 2184 242 2249 rumque
259 2185 427 2228 consessu.
468 2162 563 2241 Quae
576 2163 688 2226 contio
703 2162 771 2226 fuit
786 2184 845 2247 per
856 2163 917 2227 hos
933 2184 1048 2239 annos,
1060 2185 1145 2247 quae

100 2267 236 2352 quidem
264 2276 354 2333 esset
380 2289 446 2331 non
474 2265 650 2341 conducta,
674 2265 733 2330 scd
760 2268 907 2342 varaia
935 2288 1003 2352 qua
1029 2269 1146 2352 populi

102 2372 240 2436 Romani
257 2359 440 2437 consensus
465 2371 606 2456 perspici
630 2392 697 2433 non
722 2371 857 2454 posset?
904 2370 1049 2436 Habitae
1065 2379 1147 2436 sunt

133 2517 232 2568 23-31.
266 2519 429 2581 suffragiis,
459 2519 549 2568 which
580 2519 615 2566 he
637 2517 1057 2580 ntushcingusuailyexpressed.
1077 2531 1150 2580 ope-

101 2597 150 2644 has
172 2597 379 2659 acknowlcdged
398 2597 427 2645 in
446 2596 460 2657 ἓ
478 2594 517 2647 Ἷ8,
532 2596 563 2644 25
585 2600 614 2643 to
635 2606 698 2641 raa
732 2593 969 2650 conductorum,
1005 2593 1149 2656 ‘hirelings

43 2709 46 2716 .
102 2674 134 2722 be
145 2671 209 2722 final
221 2673 275 2722 and
286 2672 408 2736 binding.
443 2671 528 2733 quod
540 2682 613 2720 con·
636 2668 805 2732 (consisting)
813 2671 842 2718 oi
849 2670 1045 2729 rnercenaries,’
1054 2683 1149 2720 amere

102 2749 272 2809 tenderent,
308 2749 416 2799 ‘which
460 2749 525 2810 they
558 2748 612 2796 had
635 2747 1146 2806 variationroroperasconouctoemf.

103 2827 201 2875 striven
213 2826 284 2875 for2'
301 2825 355 2874 this
371 2825 513 2874 transitive
525 2839 573 2873 use
585 2825 613 2872 oi
634 2822 646 2880 i
672 2824 711 2872 38.
739 2823 762 2872 3.
798 2822 885 2880 locis,
905 2822 1078 2884 ‘occasions,'
1095 2821 1147 2873 abl.

105 2903 233 2952 contendo
244 2903 266 2952 is
274 2915 340 2951 rare.
371 2900 432 2960 Qui
445 2903 556 2957 autem,
566 2901 613 2949 the
634 2902 663 2949 of
680 2901 754 2960 time,
769 2905 817 2948 not
830 2900 913 2962 piace.
949 2898 1107 2955 iudicium,
1119 2913 1149 2949 as

104 2977 202 3028 leaders
220 2978 250 3027 oi
268 2979 315 3027 the
333 2979 485 3039 optimates.
522 2976 551 3025 ei
566 2989 614 3037 ge·
634 2978 687 3036 int
705 2978 758 3025 105.
772 2978 811 3024 21.
831 2975 987 3032 contione,
996 2975 1148 3024 comitiis:

104 3054 179 3102 neri:
197 3068 232 3103 sc.
247 3055 336 3103 what?
369 3054 419 3104 See
434 3068 470 3103 ou
487 3052 552 3103 Suii.
567 3052 612 3100 59.
635 3055 756 3102 mention
770 3067 843 3102 some
855 3053 946 3115 points
958 3053 987 3101 oi
1004 3052 1149 3102 difference

105 3132 143 3192 42,
155 3131 206 3179 and
227 3131 316 3180 notice
335 3131 396 3180 that
415 3130 508 3180 Cicero
526 3130 613 3178 leaves
634 3131 754 3179 between
764 3131 846 3178 them.
863 3128 1026 3177 ludorum.
1039 3163 1045 3175 .
1058 3163 1063 3175 .
1076 3140 1149 3177 con·

105 3208 273 3270 thedeiining
283 3208 400 3270 genitive
413 3207 481 3256 tobe
491 3204 612 3269 supplied
634 3218 730 3260 sessu,
756 3204 799 3254 ‘at
821 3205 868 3253 the
885 3205 1040 3267 gathcrings
1059 3205 1149 3253 which

105 3284 170 3332 from
183 3285 227 3333 the
239 3289 350 3333 context
358 3284 437 3332 when
450 3283 497 3332 the
506 3283 578 3331 word
592 3283 613 3330 is
634 3282 727 3330 attend
746 3282 791 3330 the
805 3295 896 3344 games
913 3280 966 3330 and
984 3281 1148 3330 exhibitione

106 3373 168 3408 even
181 3358 232 3408 less
246 3359 316 3408 clear
332 3360 400 3408 than
416 3359 493 3408 here:
510 3358 544 3407 cf.
561 3359 610 3419 Ep.
634 3359 663 3407 of
691 3357 855 3420 gladiatore)
902 3356 1108 3418 gladiatorum
1121 3379 1146 3404 =

107 3435 263 3486 x111.3.43.
284 3434 613 3497 maior,‘unusuailyim-
635 3449 774 3484 munerum
804 3434 1009 3494 predictorum:
1037 3434 1071 3482 cf.
1096 3433 1145 3495 Ep.

107 3513 227 3574 portant,'
241 3511 284 3561 ‘oi
299 3526 352 3574 any
364 3510 557 3573 importanoe:’
571 3510 614 3559 for
636 3511 743 3561 111.11.
758 3511 815 3560 168:
828 3511 898 3559 Mur.
912 3509 958 3558 67.
972 3512 1015 3558 11:
1028 3510 1070 3558 ior
1077 3510 1149 3558 their

107 3588 279 3650 comparative
290 3588 324 3636 ci.
339 3585 351 3643 i
364 3587 403 3637 66.
417 3587 456 3636 28.
635 3587 771 3637 unofficial
794 3588 933 3636 character
954 3600 999 3635 see
1021 3600 1057 3634 on
1079 3585 1145 3635 Suil.

634 3664 679 3711 54.
714 3662 752 3715 17.
804 3675 883 3724 quae
918 3662 1051 3723 quidem,
1084 3668 1146 3724 etc,

137 3745 212 3805 §loo
234 3743 295 3791 1-7.
319 3743 381 3791 nisi
391 3754 441 3791 me
452 3740 613 3797 fallit‘ifl
636 3739 742 3789 ‘which
767 3745 796 3788 at
817 3739 885 3788 least
907 3753 961 3788 was
984 3743 1042 3799 not,
1066 3738 1145 3788 etc.:’

109 3826 198 3870 amnot
207 3821 371 3870 mistaken:’
385 3820 441 3869 this
449 3816 613 3880 impersonal
634 3817 678 3892 ¹ior
702 3818 748 3865 the
777 3816 866 3866 clause
897 3829 941 3864 see
967 3828 1003 3863 on
1025 3814 1077 3866 lv.
1101 3813 1147 3866 16.

109 3898 183 3946 mcci
188 3897 264 3957 fallo
273 3899 296 3947 is
303 3911 371 3960 rare,
379 3897 428 3946 the
440 3895 545 3957 subject
554 3894 612 3944 cni·
637 3895 676 3942 11.
