2924 4372
496 323 569 374 cnr
592 324 646 384 re,
671 321 685 383 e
724 323 764 373 e.
1135 309 1197 373 113

94 493 212 560 urbem
248 494 396 580 reliquit,
434 501 563 580 quanto
601 493 738 558 tandem
768 494 866 558 illum
896 515 1042 560 maerore
1073 516 1145 559 esse
1168 507 1199 553 ao
1297 571 1301 579 Ι

93 597 268 664 adflictum
304 607 339 663 et
376 595 590 684 profligatum
628 598 782 682 putatis?
843 597 935 664 Iaoet
965 597 1024 664 ille
1055 619 1145 663 nune

93 709 293 788 prostratus,
321 702 483 781 Quiritem
511 710 607 768 etse
632 701 825 788 perculsum
848 708 952 786 etque
978 700 1146 769 abiectum

93 827 167 872 esee
187 806 293 871 sentit
314 813 349 870 et
367 813 542 890 retorquet
559 806 675 870 oeulos
697 804 848 890 proiecto
868 825 967 890 saepe
994 805 1037 870 ad
1060 806 1145 871 liano
1211 794 1213 800 ’

94 909 222 986 urbem,
239 929 341 995 quam
358 931 375 974 e
392 910 463 977 suis
480 908 635 974 ieuoibus
652 916 801 994 ereptam
822 930 895 976 esse
918 910 1034 996 luget3
1058 931 1144 995 quae

94 1013 233 1099 quidem
257 1014 338 1078 mihi
361 1014 478 1078 laeteri
495 1005 639 1091 videtur,
657 1012 750 1099 quod
771 1020 899 1078 tantam
920 1020 1050 1099 pestem
1070 1035 1145 1082 evo·
1167 1031 1197 1075 ai

94 1119 218 1183 muerit
233 1117 389 1202 forasque
412 1118 598 1202 proiecerit.

95 1193 177 1286 su.
201 1222 254 1286 Ao
272 1223 303 1286 si'
324 1223 400 1307 quie
426 1228 477 1286 est
497 1223 583 1299 tolie,
603 1223 720 1308 quales
741 1245 813 1288 esse
832 1245 946 1289 omnes
962 1223 1146 1308 oportebat,
1176 1226 1196 1289 3

94 1329 156 1414 qui
181 1329 216 1392 in
241 1326 303 1392 hoo
328 1328 411 1411 ipso,
444 1329 478 1390 in
509 1349 576 1413 quo
604 1328 737 1392 exultet
762 1336 798 1394 et
824 1329 1010 1414 triumphat
1040 1330 1145 1394 oratio

94 1453 179 1508 mea,
209 1453 262 1498 me
300 1431 515 1496 vehementer
551 1441 696 1510 accuset,
734 1432 826 1518 quod
863 1441 933 1498 tam
969 1433 1145 1518 capitalem

94 1537 227 1603 hostem
256 1557 324 1601 non
355 1535 663 1621 comprehenderim
693 1539 806 1622 potius
836 1559 938 1623 quain
969 1539 1144 1615 emiserim,

95 1661 164 1705 non
179 1640 312 1705 estiste
328 1661 402 1704 mea
418 1640 527 1725 culpe,
542 1639 703 1718 QuiriteS‚
720 1641 780 1708 sed
796 1626 994 1727 temporum.
1040 1641 1147 1708 Inter·
1181 1657 1198 1702 a

128 1851 174 1902 20.
192 1855 310 1914 quanto
328 1851 463 1910 tandem.
480 1853 524 1903 ior
543 1854 613 1916 posi-
667 1854 784 1916 Explein
803 1868 864 1904 oeae
883 1854 913 1905 oi
936 1853 1101 1906 Catilinam
1121 1859 1145 1920 1,

94 1927 155 1976 tion
167 1926 196 1976 ot
213 1926 406 1988 interrogative
418 1925 509 1976 clame
520 1927 556 1976 ei.
576 1927 610 1987 1.,
634 1927 773 1988 verbine,
788 1931 930 1978 monstro
942 1931 966 1989 6,
980 1930 1146 1982 moenibus

94 1999 143 2048 16.
156 1999 211 2061 8s.,
226 1999 269 2048 ior
280 1999 390 2049 tandem
403 1997 436 2059 1.,
453 1999 560 2052 28.14.
634 2001 658 2062 i,
677 2001 764 2050 nullo
782 2004 820 2062 ll,
839 2015 979 2053 maerore
995 2005 1035 2066 20,
1052 2017 1146 2068 quam

128 2073 174 2122 23.
192 2076 354 2135 retorquet
388 2075 506 2132 eonion,
533 2088 563 2124 ae
596 2078 675 2138 ehi,
693 2075 769 2126 mihi
785 2079 824 2128 25.
861 2077 930 2130 (live
948 2080 995 2130 the
1012 2079 1146 2143 prinoipai

92 2149 160 2200 ¹ivild
181 2149 257 2198 heaet
277 2148 372 2198 driven
391 2149 462 2199 irorn
483 2151 518 2200 ite
538 2165 609 2214 prey.
635 2157 708 2212 parts
731 2151 760 2200 oi
787 2152 889 2214 erupit
913 2154 937 2211 6,
962 2153 1096 2204 vicimus
1118 2155 1143 2215 e,

95 2223 156 2272 The
168 2223 311 2285 metaphor
324 2223 345 2272 ie
359 2224 503 2273 continued
520 2225 548 2274 in
565 2226 612 2275 the
634 2228 898 2287 pertimescemus,
915 2233 1019 2278 metue
1036 2233 1086 2278 eat
1105 2231 1143 2289 12,

94 2303 163 2347 next
175 2297 238 2347 line.
635 2302 785 2364 depuleue
807 2308 856 2354 eet
879 2306 917 2366 18,
939 2317 1079 2366 geremus
1104 2305 1143 2365 14,

127 2372 231 2422 24-26.
252 2383 344 2434 quam
355 2375 418 2422 :et
442 2386 509 2422 enni.
532 2384 612 2435 quae
634 2377 826 2438 perdidimus
847 2380 884 2439 15,
902 2377 1018 2428 extulit
1035 2378 1074 2438 11,
1092 2390 1145 2428 ex-

94 2445 233 2508 qnidem,
264 2446 329 2495 ‘but
358 2447 388 2506 it,
414 2459 450 2496 on
477 2447 524 2496 tire
549 2461 613 2497 eon·
633 2451 782 2502 toraimue
798 2454 836 2513 19,
849 2452 1028 2515 perculsum
1039 2453 1078 2502 22.

92 2520 196 2581 travy3’
216 2519 326 2582 quidem
345 2520 367 2569 le
384 2521 450 2569 ueed
468 2521 496 2569 in
514 2522 549 2570 ite
571 2535 612 2570 eo-

92 2593 183 2644 eailed
197 2593 397 2656 ‘advertative’
413 2608 497 2644 eenee.
525 2594 611 2657 quod
666 2599 737 2648 Finit
753 2601 831 2650 Pert:
853 2601 1037 2664 Explanetion
1055 2601 1084 2652 oi
1102 2601 1145 2652 hle

92 2705 99 2717 .
123 2704 129 2716 .
154 2703 160 2715 .
183 2667 358 2728 proiecerit.
387 2668 421 2717 oi.
446 2669 519 2731 quod
542 2706 548 2718 .
574 2706 579 2718 .
603 2705 608 2718 .
634 2674 750 2723 conduct
762 2676 790 2723 in
804 2676 964 2738 permitting
980 2674 1100 2724 Catilina
1116 2681 1145 2725 to

93 2742 203 2802 extulit,
234 2741 251 2791 1.
277 2741 315 2793 11.
351 2741 448 2792 Notice
476 2744 537 2792 thet
553 2743 611 2805 ,ene
633 2761 736 2810 escape,
750 2749 862 2810 §53-16.

91 2826 151 2866 two
167 2816 272 2867 elausee
287 2829 332 2866 ere
349 2817 478 2881 precisely
489 2817 609 2880 parallel,
666 2822 712 2882 §3-
728 2823 753 2871 2.
767 2822 868 2872 inhoe
876 2823 954 2886 ipso,
964 2823 970 2848 ‘
981 2824 1009 2874 in
1018 2825 1074 2874 thie
1082 2837 1144 2886 very

91 2892 163 2940 each
183 2890 339 2953 depending
359 2905 432 2954 upon
456 2892 557 2942 avvord
582 2893 730 2956 oirpoint)
766 2897 916 2959 Explained
934 2897 968 2958 by
985 2898 1032 2946 tlre
1054 2896 1144 2948 clauae

91 2965 232 3015 emotion'
255 2979 286 3014 or
305 2965 435 3028 ‘feeling’
451 2966 574 3027 (laetari,
592 2967 608 3015 1.
621 2957 725 3030 lquoe.
745 3007 751 3019 .
771 3007 777 3019 .
793 2971 1038 3031 comprehenderim
1051 2971 1067 3021 1.
1082 2973 1106 3028 3,
1116 2973 1140 3020 4.

92 3041 135 3098 25,
159 3039 213 3088 end
233 3053 366 3100 orroei-ore,
379 3039 394 3087 1.
415 3040 469 3100 tol,
492 3040 546 3089 and
566 3022 623 3113 err-i
664 3043 690 3091 4.
708 3043 1004 3106 comprehenderim.
1062 3045 1145 3096 What

90 3114 172 3176 plain
184 3113 231 3161 tire
244 3112 390 3162 diiierence
408 3113 435 3161 in
449 3114 496 3164 the
506 3114 608 3164 moode.
621 3120 623 3145 ¹
634 3118 821 3172 moodreiiould
834 3133 873 3169 we
888 3119 1008 3181 expect?
1040 3119 1090 3170 See
1108 3133 1143 3170 on

90 3189 129 3237 A.
154 3187 221 3248 3213
244 3186 277 3236 G.
297 3187 353 3246 1140,
372 3187 432 3247 541;
456 3187 561 3248 Η.516,
586 3189 607 3238 Ι.
633 3191 666 3252 1.,
685 3191 710 3240 3.
730 3193 774 3254 24;
791 3194 852 3255 why
869 3179 1086 3255 tne'subjtsee
1107 3207 1143 3242 on

90 3261 149 3312 and
177 3260 225 3321 ΙΙ;
245 3257 278 3310 Β.
293 3260 378 3312 2861.
407 3259 499 3310 forae.
543 3262 610 3312 Thia
633 3266 732 3326 §225-
752 3266 1143 3329 potiusquamemiaerim

90 3334 223 3387 ao-ealled
241 3334 341 3384 adverb
363 3334 417 3384 and
441 3336 487 3385 the
509 3335 609 3386 related
632 3340 680 3388 the
699 3341 767 3402 subj.
791 3342 813 3391 ie
833 3342 885 3391 due
905 3347 954 3392 not
970 3347 999 3390 to
1014 3341 1144 3404 thequod

89 3411 166 3460 form
203 3408 288 3469 soria,
323 3419 369 3458 are
407 3408 490 3473 really
523 3410 609 3472 plural
633 3414 681 3463 hut
708 3420 736 3463 to
761 3417 854 3475 potine
882 3429 972 3477 qnam,
1002 3416 1091 3466 which
1115 3417 1143 3465 in

89 3497 169 3534 casea
207 3482 237 3532 oi
280 3482 328 3531 the
365 3481 485 3532 obsoleto
515 3483 608 3546 sorae,
633 3487 726 3538 Cicero
749 3490 771 3537 ie
788 3489 887 3551 eineys
903 3489 1028 3540 followed
1046 3485 1080 3551 by
1097 3489 1143 3538 the

90 3573 197 3625 mrum,
228 3560 356 3622 meaning
368 3559 498 3621 probably
512 3559 610 3623 ‘open-
632 3562 702 3624 subj.
725 3563 754 3612 oi
776 3563 822 3612 tire
844 3569 887 3612 eet
910 3569 938 3612 to
960 3563 993 3612 be
1018 3563 1141 3622 avoided,

88 3633 182 3698 inge3’
199 3633 285 3694 forae
310 3633 402 3695 (ecel,
416 3635 552 3685 therefore
564 3649 610 3684 en·
632 3637 698 3684 with
716 3651 746 3685 or
764 3635 890 3698 (usually)
904 3638 1019 3687 without
1031 3641 1062 3688 ut
1072 3651 1082 3699 ;
1100 3650 1144 3686 eee

88 3723 175 3762 euers
202 3709 251 3758 the
279 3709 404 3771 question
435 3708 606 3760 ‘whitiierl’
633 3711 735 3767 Aeta.
752 3711 787 3773 li;
805 3711 837 3760 G.
857 3713 912 3768 647,
933 3712 964 3760 R.
983 3712 1011 3772 l;
1035 3711 1072 3760 H.
1095 3712 1143 3761 502

86 3784 146 3834 and
174 3782 251 3843 sorio
285 3782 363 3850 (loc.)
410 3783 458 3838 the
485 3786 608 3853 question
632 3786 665 3844 23
681 3783 713 3835 B.
725 3785 776 3836 284
786 3788 811 3838 4.

90 3857 239 3916 ‘vireret’
619 3831 623 3912 i
663 3858 689 3916 5,
698 3859 723 3907 6,
736 3872 799 3910 non
812 3864 861 3910 eat
874 3859 1144 3930 iataelightlyellip·
