2954 4374
240 300 301 374 itt
501 314 642 374 omno
665 313 706 375 m
728 313 941 375 cirinum
964 315 1112 374 rearis.

239 511 267 555 10
289 495 358 570 diu,
376 493 456 559 dum
481 493 572 558 urbis
591 493 766 559 moenibus
789 493 1035 558 continebatur.
1082 492 1206 558 Omnia
1230 502 1336 569 norat,

290 600 438 663 onmium
454 598 567 671 aditus
583 597 737 674 tenebat;
760 599 939 683 appellare,
957 605 1131 682 temptare,
1154 598 1336 663 sollicitare

289 710 429 787 poterat,
446 701 599 768 audebat.
647 702 729 766 Erat
745 702 775 767 ei
792 702 969 774 consilium
988 701 1031 766 ad
1054 701 1184 766 facinus
1208 709 1335 788 aptum,

225 869 227 876 ,
290 807 428 870 consilio
444 814 557 871 autem
573 828 683 891 neque
700 828 818 870 manus
834 828 944 890 neque
960 807 1078 892 lingua
1095 806 1218 870 deerat.
1263 807 1335 870 lam

288 909 331 974 ad
358 919 465 976 certas
488 933 539 974 res
567 909 789 976 conficiendas
813 917 920 975 certos
943 909 1094 974 homines
1122 909 1270 975 delectos
1296 933 1334 976 ac

236 1031 265 1075 15
287 1013 470 1099 descriptos
486 1013 638 1080 habebat.
685 1007 804 1098 Neque
817 1036 906 1090 vero,
920 1036 997 1079 cum
1009 1013 1139 1098 aliquid
1151 1013 1334 1093 mandarat,

288 1118 478 1184 coniectum
504 1119 665 1204 putabat3
696 1119 786 1202 nihil
804 1126 885 1194 erat,
910 1117 1001 1203 quod
1025 1139 1092 1182 non
1120 1119 1189 1203 ipse
1217 1118 1334 1197 obiret,

287 1231 485 1299 occurreret,
514 1224 682 1310 vigilaret,
714 1222 901 1297 laboraret3
937 1221 1055 1309 frigus,
1083 1223 1184 1299 sitim,
1212 1222 1334 1288 famem

236 1330 273 1393 1⁷
286 1326 372 1392 ferre
399 1334 540 1411 poterat.
588 1327 690 1391 Hunc
721 1349 783 1414 ego
814 1326 983 1391 hominem
1014 1335 1082 1390 tam
1113 1348 1232 1403 acrem,
1264 1337 1333 1393 tam

287 1430 457 1507 audacem,
475 1439 543 1495 tam
574 1439 737 1516 paratum,
766 1439 834 1494 tam
863 1430 1034 1507 callidum,
1053 1439 1121 1495 tam
1148 1433 1182 1494 in
1210 1433 1332 1497 scelere

233 1551 263 1596 20
285 1536 491 1622 vigilantem,
516 1537 642 1599 tamin
673 1535 812 1621 perditis
842 1535 941 1599 rebus
968 1535 1166 1622 diligentem
1196 1537 1259 1600 nisi
1290 1559 1332 1602 ex

286 1639 477 1705 domesticis
490 1641 620 1705 insidiis
634 1642 667 1722 in
681 1648 847 1705 castrense
864 1641 1080 1704 latrocinium
1098 1642 1333 1724 compulissem

289 1743 416 1829 (dicam
431 1745 476 1821 id,
494 1744 587 1829 quod
604 1747 723 1820 sentio,
741 1744 925 1828 Quirites),
944 1765 1008 1808 nori
1033 1744 1130 1809 facile
1154 1743 1238 1809 hanc
1263 1754 1334 1809 tan.

285 1857 353 1913 tam
369 1851 491 1914 molem
509 1850 586 1913 mali
604 1871 623 1912 a
639 1848 824 1914 cervicibus
850 1849 970 1913 vestris
995 1847 1209 1933 depulissem.
1255 1849 1331 1914 Non

284 1954 341 2019 ille
372 1952 468 2018 nobis
501 1952 693 2019 Saturnalia
724 1953 956 2018 constituisset
987 1975 1096 2042 neque
1128 1960 1224 2017 tanto
1253 1962 1331 2019 ante

231 2075 260 2120 25
282 2059 377 2123 exitii
400 2080 438 2122 ac
462 2057 524 2122 fati
548 2056 636 2122 diem
664 2059 710 2122 rei
739 2056 893 2142 publicae
926 2056 1197 2122 denuntiavisset
1220 2079 1330 2142 neque

283 2163 511 2239 commisisset,
525 2170 566 2227 ut
580 2163 724 2249 signum,
739 2171 778 2227 ut
793 2162 924 2227 litterae
941 2183 1020 2226 suae
1039 2168 1143 2226 testes
1160 2161 1329 2228 manifesti

311 2328 419 2386 10,11.
461 2329 535 2378 dum
561 2365 566 2378 .
592 2366 597 2377 .
624 2365 630 2378 .
654 2329 793 2378 contine-
813 2328 904 2390 gested
922 2343 958 2378 on
976 2328 1001 2378 Ι.
1014 2328 1058 2376 ³2.
1072 2330 1112 2389 25,
1127 2327 1179 2377 and
1193 2329 1270 2391 point
1281 2335 1330 2379 out

279 2404 385 2453 batur:
413 2407 501 2456 notice
524 2407 570 2456 the
594 2413 675 2455 tense.
720 2407 791 2466 dum,
813 2404 942 2452 asimiiar
955 2409 995 2453 set
1008 2404 1038 2452 oi
1050 2404 1137 2453 words
1150 2404 1179 2453 in
1198 2405 1245 2454 the
1262 2410 1329 2456 next

282 2482 396 2541 ‘while,’
410 2483 487 2532 takes
503 2483 549 2532 the
566 2481 705 2532 historical
722 2497 791 2544 pres·
813 2481 972 2543 paragraph.

279 2563 339 2619 eut;
357 2559 486 2624 dum,‘as
502 2559 565 2622 long
582 2559 722 2620 as,’taires
740 2573 792 2621 any
843 2553 908 2610 §17-
928 2554 1030 2603 18-20·
1049 2557 1142 2603 tam:
1170 2569 1214 2605 see
1241 2569 1276 2604 011
1303 2556 1325 2606 I.

279 2639 355 2684 tense
366 2636 488 2697 required
501 2636 535 2697 by
549 2637 595 2685 tire
607 2649 692 2684 sense.
728 2646 790 2683 om·
810 2630 856 2678 17.
875 2633 913 2681 16.
949 2635 1100 2694 paratum,
1118 2633 1182 2682 here
1198 2631 1263 2682 used
1280 2632 1327 2682 ab·

278 2710 364 2758 nium
376 2711 480 2759 aditus
495 2711 630 2768 tenebat,
645 2711 694 2760 ‘he
712 2711 789 2760 knew
810 2708 924 2771 solutely
938 2733 964 2758 =
975 2713 1140 2771 promptum.
1166 2709 1240 2758 nisi:
1263 2715 1327 2759 note

278 2786 339 2836 how
351 2793 380 2836 to
395 2788 531 2850 approach
550 2788 608 2849 [the
625 2789 790 2850 approaches
809 2784 870 2834 how
893 2786 936 2834 iar
959 2785 981 2834 it
1004 2787 1027 2835 is
1049 2785 1265 2836 crowded-irum
1291 2786 1326 2836 its

278 2862 318 2923 to]
335 2863 370 2913 aii
388 2864 479 2926 men3’
499 2865 542 2913 ior
555 2868 644 2914 tenere
659 2888 685 2913 =
700 2866 789 2914 scire:
808 2875 905 2925 proper
932 2863 1065 2925 position3
1098 2863 1159 2926 give
1188 2862 1326 2925 examples

278 2940 313 2988 ci.
322 2940 391 2989 Mur.
404 2939 448 2987 22.
456 2941 496 2989 49.
525 2940 607 2990 What
618 2941 639 2988 is
650 2941 696 2989 the
706 2954 788 3002 quan-
808 2938 878 2988 from
891 2938 929 2989 11.
942 2938 988 2986 15.
1001 2940 1045 3001 263
1062 2939 1084 2990 Ι.
1098 2939 1144 2987 17.
1157 2939 1195 2989 13.

277 3014 328 3076 tity
340 3015 369 3064 oi
387 3016 395 3064 ἰ
407 3015 435 3064 in
448 3015 550 3075 aditus,
565 3016 618 3064 and
631 3016 714 3077 why?
839 3015 884 3072 22,
896 3015 941 3063 2³.
959 3015 1040 3065 hanc
1052 3018 1186 3065 tantam:
1199 3029 1242 3065 see
1251 3030 1287 3065 on
1301 3016 1322 3066 1.

308 3091 354 3148 14,
365 3090 411 3138 15.
430 3090 470 3139 ad
479 3094 582 3140 certas
591 3104 648 3148 res,
658 3097 719 3153 etc,
731 3093 788 3141 ‘ior
807 3091 852 3138 11.
865 3093 907 3141 10:
925 3107 955 3142 so
967 3093 1033 3143 haec
1053 3095 1141 3154 tanta,
1154 3091 1172 3142 l.
1185 3093 1225 3142 29.
1260 3104 1324 3141 mo·

277 3166 489 3230 accomplishing
498 3167 608 3220 definite
616 3170 788 3231 purposeslre
807 3163 869 3214 lem
885 3201 892 3213 ·
908 3201 914 3213 ·
932 3202 938 3214 .
956 3165 1148 3216 cervicibuflt
1171 3167 1219 3215 the
1241 3172 1323 3216 meta·

276 3244 329 3292 had
347 3242 461 3293 selected
473 3243 526 3292 and
540 3243 649 3293 marked
662 3250 710 3294 out
726 3246 789 3295 defi-
808 3241 877 3302 phor
888 3241 910 3290 is
922 3242 953 3291 oi
964 3256 980 3290 a
992 3243 1069 3304 yoke.
1105 3242 1158 3290 For
1169 3241 1256 3303 plural
1268 3256 1323 3291 cer-

277 3319 333 3367 nite
351 3319 432 3368 men.'
467 3318 610 3368 delectos
627 3355 633 3367 .
650 3356 656 3368 .
673 3356 679 3368 .
695 3319 788 3370 habe·
807 3318 910 3368 uicibus
921 3333 965 3368 see
976 3333 1012 3368 on
1025 3319 1095 3368 Mur.
1110 3317 1154 3367 79.
1167 3319 1207 3368 21.

276 3394 344 3443 bat:
362 3395 395 3445 ci.
416 3396 499 3444 above
511 3395 527 3445 l.
542 3398 565 3445 2.
839 3394 884 3442 24.
903 3393 1087 3452 Saturnalia,
1107 3395 1161 3456 i.e.,
1182 3394 1216 3444 he
1235 3394 1321 3445 would

307 3469 411 3526 16,17.
428 3470 515 3531 quod
537 3506 542 3517 .
566 3507 571 3517 .
595 3507 600 3518 .
623 3471 787 3529 laboraret,
807 3475 856 3519 not
866 3471 936 3521 have
949 3472 1044 3521 waitcd
1062 3487 1091 3521 so
1110 3471 1181 3534 long.
1217 3474 1322 3520 tanto:

276 3547 371 3608 agood
383 3547 506 3610 example
515 3548 545 3595 oi
556 3561 680 3609 zeugma:
699 3563 786 3598 seeon
807 3560 850 3595 see
867 3561 902 3596 on
921 3547 1074 3610 11.19.12;
1091 3562 1121 3597 so
1139 3549 1166 3596 in
1185 3547 1211 3596 il.
1226 3549 1265 3608 35,
1280 3547 1319 3598 36.

276 3622 314 3671 ΙΙ.
342 3622 388 3672 19.
419 3625 494 3684 9-11;
528 3624 601 3672 what
635 3639 695 3674 casc
721 3627 786 3674 each
807 3624 1037 3672 constituisset:
1050 3623 1146 3693 supply
1155 3624 1200 3672 the
1208 3623 1322 3686 protasis

277 3698 363 3746 would
376 3698 408 3747 be
419 3698 542 3761 required
556 3699 590 3761 by
600 3704 786 3758 occurreret,
806 3700 830 3748 si
842 3701 870 3748 ia
882 3701 945 3749 urbe
957 3701 1139 3750 remansisset.

275 3772 425 3834 vigilaret,
452 3772 635 3823 laboraret?
685 3775 787 3824 obiret
838 3775 882 3833 26,
901 3775 946 3823 27.
964 3777 1175 3825 commisisset
1211 3779 1321 3825 ut...

275 3847 515 3901 ...laboraretx
547 3863 634 3913 group
665 3864 694 3899 as
727 3864 786 3914 sug·
806 3850 1120 3913 deprehenderentur,
1145 3852 1250 3903 ‘would
1273 3859 1322 3902 not
