2838 4380
203 290 267 362 410
555 299 761 357 nrrsromn
784 299 981 358 srtnomn.

217 482 237 544 3
259 479 357 546 vivus
372 499 440 542 non
456 477 668 542 amitterem?
715 477 808 543 Haec
825 499 864 544 eo
880 477 1007 562 scripsi,
1024 484 1065 542 ut
1087 476 1199 563 potius
1223 473 1312 544 rele·
1378 501 1380 509 ⁸

256 604 351 648 varos
366 603 429 658 me,
446 581 537 666 quod
552 581 646 656 iacis,
664 604 765 667 quum
781 591 820 646 ut
836 583 1054 668 castigatione
1070 588 1131 646 aut
1152 581 1312 668 obiurga·

203 707 233 753 30
255 688 345 752 tione
363 686 504 773 dignum
520 693 668 771 putares,
685 708 792 771 eoquo
808 685 851 750 ad
867 694 900 750 te
920 686 1031 751 minus
1051 681 1161 752 multa
1183 686 1309 762 scribo,

256 789 347 877 quod
377 798 412 855 et
435 790 769 875 maerore'impedior
793 796 836 867 et,
863 789 954 874 quod
977 797 1169 875 exspectem
1193 791 1309 866 istinc,

255 895 361 982 magis
385 893 500 970 habeo,
525 915 626 979 quam
654 893 746 978 quod
770 896 840 979 ipse
866 895 1024 960 scribam:
1050 896 1310 980 quaesierunt

256 1000 367 1076 allata,
384 997 505 1074 faciem
520 1005 553 1063 te
569 997 700 1064 consilii
718 1001 823 1065 nostri
845 1000 1042 1075 certiorem3
1066 1006 1114 1074 tu,
1132 1006 1172 1062 ut
1193 997 1309 1064 adhuc

258 1103 378 1180 iecisti,
396 1124 497 1187 quem
524 1103 677 1189 plurimis
704 1097 745 1168 de
773 1104 871 1170 rebus
896 1103 1014 1168 adme
1043 1105 1144 1169 velim
1168 1103 1309 1180 scribas,

203 1227 230 1271 es
253 1216 294 1272 ut
318 1228 452 1292 prorsus
474 1229 515 1272 ne
541 1207 623 1292 quid
649 1209 808 1294 ignorem.
857 1208 947 1273 Data
962 1225 1059 1272 X1111.
1084 1207 1159 1272 Kal.
1181 1205 1311 1288 Quinc-

255 1311 332 1377 tiles
348 1309 595 1376 Thesselonica.
730 1298 735 1303 ’

730 1667 865 1731 XVIII.

666 1838 730 1896 (An.
743 1838 812 1885 Aer.
824 1849 866 1886 111.
878 1838 926 1894 13.)

611 1999 741 2048 CICERO
764 2000 895 2049 ATTICO
919 2000 997 2049 sAn.

220 2158 235 2218 1
303 2152 404 2233 Quod
419 2152 462 2217 ad
478 2160 510 2218 te
527 2153 721 2238 scripseram
737 2174 788 2217 me
806 2154 840 2216 in
866 2153 969 2238 Epiro
995 2151 1160 2230 futurum,
1177 2159 1312 2238 postea·

260 2279 361 2342 quem
392 2257 567 2322 extenuari
605 2277 698 2340 spem
737 2265 885 2321 nostram
923 2265 958 2322 et
995 2278 1191 2342 evanescere
1223 2257 1308 2332 vidi,

258 2363 387 2438 mutavi
411 2361 598 2436 consilium,
622 2382 683 2424 neo
710 2383 762 2426 me
787 2360 1026 2426 Thessalonica
1049 2361 1222 2436 commovi,
1247 2360 1310 2426 ubi

258 2487 329 2532 esse
353 2473 547 2541 statuerem,
565 2465 677 2549 quoad
700 2465 830 2550 aliquid
854 2464 896 2529 ad
920 2487 972 2530 me
999 2464 1041 2530 de
1066 2486 1106 2530 eo
1133 2464 1309 2541 scriberes‘,

219 2589 234 2633 5
257 2570 348 2656 quod
370 2570 531 2655 proximis
558 2570 680 2634 litteris
706 2571 902 2654 scripserasr
934 2569 1016 2646 iore,
1042 2570 1093 2635 uti
1117 2568 1311 2634 secundum

258 2677 394 2741 comitia
419 2676 548 2762 aliquid
573 2676 614 2741 de
641 2677 735 2742 nobis
767 2678 801 2739 in
829 2684 949 2741 senatu
980 2683 1155 2762 ageretur;
1186 2673 1222 2737 id
1244 2674 1311 2740 tibi

260 2779 457 2866 Pompeium
473 2781 608 2846 dixisse.
656 2779 733 2859 Qua
749 2779 788 2845 de
805 2802 850 2856 re,
865 2782 1024 2866 quoniam
1041 2779 1175 2845 comitia
1192 2777 1322 2852 habita,

258 2987 397 3044 consilia,
409 2988 456 3037 the
469 2987 561 3037 advice
573 2987 602 3036 of
613 2987 655 3036 his
667 2987 770 3036 friends
793 2988 877 3038 Rome
894 3003 930 3038 ou
947 2990 995 3039 the
1011 2989 1058 3038 oth
1075 2989 1104 3038 of
1126 2987 1242 3051 August,
1262 3001 1313 3037 ex·
1413 2999 1416 3006 ·

259 3070 288 3114 to
299 3063 375 3114 leave
388 3065 480 3113 Rome.
793 3065 916 3128 plcining
927 3065 970 3116 his
985 3071 1044 3128 stay
1057 3071 1085 3114 et
1102 3064 1308 3124 Thesselomca,

291 3140 340 3202 53.
359 3137 461 3188 ³1:33.
478 3139 563 3203 quod
581 3143 770 3202 exspectem,
794 3143 923 3206 excusing
934 3141 1184 3204 hisdespondency‚
1194 3140 1247 3190 and
1261 3155 1312 3204 ap-

259 3222 321 3277 oto,
337 3214 464 3265 ‘because
482 3216 495 3265 1
510 3218 579 3265 have
591 3231 664 3266 more
681 3222 710 3267 to
727 3231 771 3266 ex·
794 3217 903 3281 pealing
914 3218 993 3280 again
1006 3219 1049 3267 for
1059 3217 1123 3280 help
1135 3216 1188 3267 aud
1200 3230 1285 3269 news.

259 3298 321 3355 pect
338 3292 408 3342 from
427 3306 493 3356 your
509 3292 639 3342 directior
659 3295 772 3343 theuto
826 3291 871 3350 il.
885 3293 948 3344 1-6.
970 3293 1069 3353 Quod,
1086 3298 1151 3342 etc:
1170 3293 1245 3342 three
1263 3307 1313 3343 ex·
1359 3341 1363 3348 ,

261 3371 338 3420 write
360 3369 476 3432 myself)
519 3369 643 3426 consilii
664 3369 771 3426 nostri,
795 3370 896 3433 amples
905 3371 935 3420 of
947 3371 1003 3420 this
1012 3370 1101 3419 clause
1113 3370 1142 3418 in
1152 3369 1207 3420 this
1217 3368 1309 3420 letter.

261 3446 314 3509 obj.
339 3461 399 3510 gen.
424 3447 489 3496 with
513 3449 671 3496 certiorem:
699 3446 773 3494 what
795 3447 995 3508 scripseram:
1013 3446 1048 3496 cf.
1068 3446 1117 3508 Ep.
1133 3444 1229 3496 XVII.
1243 3445 1271 3494 1.
1284 3448 1309 3500 5..

261 3535 322 3572 case
338 3522 426 3574 would
445 3522 543 3573 Caesar
560 3524 629 3572 have
647 3522 735 3570 used?
795 3522 969 3590 secundum
991 3523 1126 3579 comitia,
1151 3520 1239 3572 ‘efter
1261 3523 1313 3572 the

796 3599 921 3649 consular
944 3598 1090 3658 elections,’
1113 3603 1142 3648 et
1162 3598 1251 3648 which
1274 3598 1310 3658 Q.

328 3739 330 3743 ι
460 3663 570 3714 XVIII·
797 3675 921 3725 Metellus
937 3675 1027 3737 Nepos
1044 3675 1098 3724 and
1115 3675 1145 3724 Ρ.
1165 3673 1314 3726 Cornelius

294 3752 531 3804 Iwrnonucronr
544 3753 639 3800 Norn:
657 3751 772 3800 Written
796 3751 928 3802 Lentulus
938 3752 1068 3814 Spinther
1076 3764 1147 3800 were
1154 3749 1256 3800 elected
1267 3751 1315 3800 tor

262 3827 334 3886 from
353 3829 544 3880 Thessalonica
565 3834 594 3878 to
617 3828 725 3878 Atticus
745 3828 773 3878 in
796 3827 835 3880 57.
866 3828 1011 3893 Pompeius
1023 3827 1077 3878 hed
1089 3825 1315 3896 promIsedAtti-
