2876 4378
224 324 286 392 teo
484 341 556 391 rso
580 341 610 390 r.
636 340 756 392 muno
779 340 924 389 urnonn
948 339 1096 391 onemo.

275 534 333 577 ros
349 519 384 576 et
400 533 514 576 omnes
538 511 617 575 boni
633 518 713 576 vota
739 509 903 587 faceretis,
921 518 960 575 ut
983 511 1104 575 Miloni
1128 512 1180 575 uti
1195 512 1328 577 virtute

273 637 335 681 sua
350 613 486 680 liberet!
575 632 580 638 ·

310 737 388 784 xvr.
423 719 533 798 Quem
557 720 663 805 igitur
687 740 763 784 oum
787 720 937 784 omnium
964 719 1072 805 gratia
1096 720 1215 796 noluit
1232 719 1326 785 hune

276 824 386 888 voluit
403 844 480 887 oum
496 822 687 907 aliquorum
711 822 872 907 querella,
890 844 991 907 quem
1014 823 1096 899 iure,
1114 843 1215 906 quem
1238 823 1326 899 loeo,

276 949 377 1012 quem
402 935 560 1011 tempore,
579 947 680 1011 quem
703 927 840 1011 impune
866 946 933 989 non
957 933 1010 990 est
1033 948 1146 1003 ausus
1164 926 1253 991 huno
1279 928 1327 990 in-

237 1048 252 1092 4
275 1032 369 1105 iuria,
388 1031 506 1114 iniquo
523 1031 606 1106 loeo,
623 1030 733 1094 alieno
755 1035 913 1114 tempore,
938 1030 1088 1114 periculo
1112 1031 1231 1114 eapitis
1255 1051 1325 1093 non

223 1137 263 1198 42
274 1134 444 1198 dubitavit
466 1133 642 1198 occidere?
681 1134 886 1218 praesertim,
917 1132 1056 1209 iudioes,
1080 1155 1156 1198 eum
1187 1133 1325 1198 honoris

275 1238 471 1322 amplissimi
494 1238 665 1302 eontentio
689 1245 724 1302 et
745 1236 816 1301 dies
840 1237 1052 1301 comitiorum
1075 1236 1237 1312 subesset,
1254 1258 1325 1321 quo

274 1341 410 1426 quidem
438 1351 586 1426 tempore
613 1341 700 1424 (seio
724 1342 823 1417 enim,
841 1361 942 1425 quam
966 1339 1084 1404 timida
1108 1341 1152 1404 sit
1174 1340 1324 1417 ambitio

277 1453 470 1530 quantaque
495 1452 529 1509 et
552 1466 654 1529 quam
677 1445 821 1508 sollieita
846 1444 893 1508 sit
915 1443 1081 1529 eupiditas
1105 1445 1324 1528 consulatus)

276 1551 396 1624 omnia,
420 1571 488 1612 non
514 1547 612 1612 modo
643 1569 729 1632 quae
753 1547 951 1632 reprehendi
980 1547 1101 1632 pelam,
1132 1546 1192 1612 sed
1221 1549 1325 1612 etiam

224 1669 252 1714 10
274 1653 414 1718 obscure
453 1673 538 1737 quae
577 1653 717 1738 eogitari
754 1658 905 1736 possunt,
937 1652 1106 1728 timemus,
1146 1673 1324 1728 rumorem,

276 1756 423 1820 fabulam
463 1755 592 1829 falsam,
631 1755 752 1832 fictam,
783 1756 893 1820 levem
934 1755 1226 1840 perhorreseimus‚
1265 1777 1327 1819 ora

276 1861 425 1924 emulum
448 1867 551 1943 atque
580 1860 694 1923 oeulos
720 1861 902 1924 intuemur.
948 1859 1043 1923 Nihil
1065 1860 1154 1924 enim
1179 1866 1231 1924 est
1253 1870 1326 1923 tam

276 1964 387 2038 molle,
405 1972 473 2027 tam
489 1971 654 2039 tenerum,
671 1971 740 2027 tam
756 1971 817 2028 aut
831 1962 951 2050 fragile
968 1971 1029 2028 eut
1050 1961 1196 2028 flexibile
1220 1985 1325 2048 quam

275 2068 434 2134 voluntas
461 2089 540 2154 erge
567 2089 626 2132 nos
655 2089 841 2153 sensusque
870 2069 1006 2144 civium,
1035 2068 1095 2152 qui
1125 2089 1192 2131 non
1223 2067 1326 2133 modo

223 2189 252 2235 15
275 2171 482 2255 improbitati
498 2172 691 2235 irascuntur
706 2171 970 2247 candidatorum,
988 2170 1163 2236 sedetiam
1180 2172 1214 2234 in
1231 2180 1324 2237 reete

222 2279 263 2342 43
275 2275 373 2339 saetis
389 2297 486 2359 saepe
503 2273 693 2339 fastidiunt.
740 2274 842 2340 Hune
859 2274 949 2339 diem
964 2276 1070 2361 igitur
1085 2276 1192 2360 campi
1215 2297 1329 2360 spera·

278 2389 352 2443 tum
383 2388 484 2463 atque
516 2385 715 2463 exoptatum
745 2377 808 2443 sibi
839 2399 1027 2464 proponens
1059 2379 1144 2444 Milo
1174 2381 1326 2444 eruentis

276 2483 429 2547 inanibus
454 2483 564 2547 scelus
591 2490 626 2547 et
649 2482 780 2548 facinus
802 2503 879 2567 prae
902 2505 937 2548 se
962 2483 1072 2548 ferens
1101 2492 1137 2548 et
1159 2483 1326 2550 confitens

278 2587 321 2651 ad
339 2586 396 2650 illa
408 2595 552 2671 augusta
568 2587 796 2650 centuriarum
813 2587 963 2670 auspicia
985 2586 1165 2652 veniebat?
1213 2586 1327 2665 Quam

223 2703 250 2747 20
274 2691 335 2753 hoe
359 2711 426 2753 non
455 2689 612 2754 credibile
639 2691 676 2753 in
700 2690 773 2766 hoo,
802 2711 904 2774 quam
932 2690 1020 2755 idem
1048 2692 1082 2754 in
1108 2689 1227 2754 Clodio
1255 2712 1327 2755 non

276 2792 511 2868 dubitandum,
529 2815 606 2858 oum
621 2815 656 2859 se
672 2795 729 2858 ille
747 2793 926 2859 interfecto
951 2794 1079 2859 Milone
1104 2802 1327 2881 regnaturum

278 2888 429 2984 putaret!
478 2896 593 2977 Quid?
617 2897 707 2982 quod
723 2910 824 2984 eaput
841 2906 894 2963 est
909 2898 1077 2974 audaciae,
1095 2897 1233 2975 iudices,
1247 2902 1328 2984 quis

305 3101 350 3150 33.
376 3102 495 3160 liberet,
513 3104 583 3154 from
608 3103 692 3156 libet:
717 3104 790 3156 what
813 3104 900 3166 sitive,
913 3105 1075 3168 precarious‚
1086 3105 1260 3168 ehangeaffle,
1274 3118 1329 3155 un·

273 3181 360 3242 might
374 3180 394 3228 lt
407 3194 481 3229 rome
493 3180 588 3229 from?
813 3181 916 3230 stable.’

844 3257 1029 3315 §43.1a22.
1055 3271 1130 3320 prae
1147 3271 1183 3308 ee
1204 3258 1325 3308 ferens:

306 3330 366 3379 1-3.
395 3330 495 3390 Quem
520 3369 525 3380 .
551 3369 556 3380 .
580 3369 586 3380 .
612 3333 727 3382 noluit:
751 3348 786 3384 se.
811 3333 855 3384 for
872 3335 1001 3396 meaning
1013 3335 1047 3385 cf.
1062 3335 1135 3385 Sext.
1149 3335 1253 3396 11³.e;
1272 3335 1324 3398 Ep.

274 3409 407 3458 occidere.
448 3407 529 3466 loco,
564 3413 721 3471 tempore:
750 3425 786 3461 sc.
810 3410 846 3461 V.
860 3409 886 3458 3.
898 3413 937 3460 20.
973 3414 1121 3472 augusta.
1140 3411 1328 3473 ..auspicia

274 3484 446 3546 appropriate
463 3485 610 3547 adjectives
626 3487 697 3537 from
711 3487 788 3537 those
813 3510 839 3535 =
849 3489 1327 3549 oupustacomitiaquaeousptcato

274 3561 302 3608 in
316 3559 332 3609 l.
346 3563 371 3610 4.
812 3561 868 3625 (see
890 3578 926 3613 on
949 3565 1019 3613 Mur.
1044 3563 1069 3611 1.
1094 3563 1121 3626 2)
1138 3564 1222 3626 flunt.
1264 3563 1327 3614 The

306 3633 375 3692 542.
395 3635 476 3685 5-13.
493 3637 622 3690 honoris
658 3643 787 3689 eonten-
811 3641 921 3689 comitto
944 3643 1064 3700 aitpoeta
1092 3655 1137 3689 are
1161 3641 1209 3691 the
1233 3643 1329 3690 centa·

273 3711 327 3768 tto,
339 3726 369 3762 as
381 3713 410 3762 in
424 3713 492 3764 Mur.
508 3715 553 3764 56.
566 3716 610 3775 213
627 3715 653 3765 8.
665 3717 689 3765 4.
725 3729 787 3765 am·
810 3718 904 3767 rtota:
922 3717 964 3766 for
975 3719 1022 3766 the
1034 3719 1156 3780 ausplees
1169 3718 1198 3766 in
1210 3730 1328 3766 connec-

273 3787 360 3844 bltlo.
395 3789 458 3838 ‘the
488 3791 622 3840 canvass’
658 3791 787 3849 molle.
809 3792 868 3842 tion
881 3794 946 3842 with
962 3795 1038 3842 them
1057 3795 1092 3843 cf.
1111 3793 1202 3845 IV.2.
1217 3795 1255 3851 14,
1270 3793 1326 3842 and

273 3865 422 3931 tenerum,
430 3864 545 3936 fragile.
553 3865 699 3928 flexibile.
713 3869 787 3924 ‘sen-
809 3881 853 3924 see
870 3883 896 3936 p.
911 3869 951 3932 71,
970 3871 1035 3935 §tt
1071 3873 1174 3936 caput,
1194 3869 1325 3924 ‘source'
