2876 4378
446 311 527 380 our.
552 313 623 378 eu,
648 311 662 378 i
685 313 771 369 aaa.
1109 289 1180 364 tea

73 485 180 552 etiam
204 483 320 552 invitis
344 487 412 552 illis
436 485 648 574 gubernaret,
666 495 737 552 tota
763 494 802 552 ut
827 489 963 553 comitia
990 490 1071 567 suis,
1088 498 1129 556 ut

73 591 265 668 dictitabat,
298 591 420 657 umeris
452 592 645 656 sustineret.
703 591 920 657 Convocabat
950 593 1127 671 t1·ibus‚se

72 696 320 782 interponebat,
339 695 506 760 Collinam
527 717 649 761 novam
673 695 801 760 dilectu
825 695 1128 781 perditissimorum

72 801 203 865 civium
218 799 456 864 conscribebat.
503 799 641 879 Quanto
657 799 714 864 ille
731 800 829 884 plura
844 800 1016 879 miscebat,
1033 810 1128 868 tauto
1151 819 1181 865 ³⁰

73 903 131 968 hic
156 905 263 990 magis
286 904 322 966 in
347 902 419 968 dies
445 903 710 968 convalescebat.
757 904 825 968 Ubi
850 905 939 969 vidit
962 906 1061 971 homo
1084 906 1128 972 ad

73 1029 174 1072 omne
207 1007 338 1073 facinus
369 1009 600 1092 paratissimus
633 1007 856 1072 fortissimum
883 1010 994 1074 virum
1021 1011 1128 1075 inimi·

73 1113 248 1176 ciseimum
264 1132 363 1177 suum
386 1112 611 1177 certissimum
634 1113 807 1180 consulem
831 1113 933 1198 idque
957 1114 1128 1180 intellexit

73 1237 145 1280 non
175 1216 285 1280 solum
314 1216 532 1291 sermonibus,
564 1216 624 1280 sed
664 1217 767 1281 etiam
806 1215 978 1304 suffragiis
1010 1220 1127 1303 populi

74 1319 221 1384 Romani
244 1341 341 1404 saepe
365 1342 436 1385 esse
456 1320 683 1406 deciaratum,
700 1321 811 1404 palam
837 1341 936 1407 agere
961 1323 1073 1407 coepit
1094 1331 1130 1388 et
1151 1339 1180 1384 ae

73 1431 191 1508 aperte
219 1423 327 1489 dicere
355 1424 576 1490 occidendum
605 1425 779 1490 Milonem.
826 1424 949 1491 Servos
980 1431 1180 1514 agrestes26

74 1536 112 1592 et
138 1527 303 1605 barbaroS,
336 1528 460 1613 quibus
491 1529 594 1593 silvas
624 1528 776 1614 publicas
808 1529 1033 1614 depopulatus
1056 1539 1128 1597 erat

74 1632 316 1718 Etruriamque
344 1640 495 1710 vexarat,
519 1655 561 1697 ex
588 1633 795 1718 Appennino
819 1633 1016 1712 deduxerat,
1041 1657 1126 1721 quos
1220 1681 1223 1687 -

74 1735 222 1802 videbat
199 1743 252 1802 t.1s
298 1738 364 1802 Res
393 1746 465 1802 erat
488 1738 623 1802 minime
653 1737 803 1802 obscura.
850 1738 986 1804 Etenim
1017 1741 1126 1825 palam

75 1839 255 1906 dictitabat
285 1842 499 1906 consulatum
530 1841 651 1905 Miloni
682 1842 765 1926 eripi
796 1863 864 1906 non
892 1864 998 1927 posse,
1023 1844 1128 1909 vitam
1149 1859 1179 1906 ro

74 1966 183 2028 posse.
230 1943 443 2032 Significavit
464 1945 525 2009 hoc
541 1966 640 2029 saepe
666 1946 701 2008 in
725 1953 856 2022 senatu,
882 1944 1001 2011 dixit
992 1969 1027 2010 rn
1051 1969 1127 2012 con-

75 2049 186 2125 tione3
211 2050 295 2135 quin
322 2050 423 2114 etiam
450 2049 497 2113 M.
526 2049 686 2124 Favonio,
714 2048 896 2114 fortissimo
922 2051 1004 2128 viro,
1028 2073 1126 2138 quae·

75 2155 165 2218 renti
188 2175 230 2218 ex
255 2175 304 2230 e0,
329 2175 397 2239 qua
427 2176 484 2238 spe
516 2153 644 2218 fureret
672 2153 798 2219 Milone
831 2155 920 2230 vive,
952 2156 1126 2240 respondit

76 2256 190 2321 triduo
205 2258 303 2321 illum
326 2265 386 2322 aut
410 2279 577 2322 summum
605 2257 795 2342 quadriduo
819 2243 891 2326 esse
914 2261 1123 2344 periturum;

78 2382 178 2445 quam
196 2383 311 2426 vocem
329 2362 460 2426 eiusad
477 2362 565 2426 huno
584 2361 631 2424 M.
647 2361 810 2427 Catonem
826 2364 941 2428 statim
955 2363 1125 2429 Favonius
1148 2381 1178 2426 45

78 2463 211 2530 detulit.
257 2482 292 2528 x.
310 2465 448 2530 Interim
462 2487 537 2529 oum
549 2465 799 2530 sciretClodius
813 2468 943 2551 (neque
955 2468 1043 2532 enim
1054 2475 1126 2533 erat
1136 2471 1175 2535 27

78 2567 211 2633 difficile
229 2568 264 2633 id
289 2570 393 2653 scire)
411 2570 475 2634 iter
490 2570 660 2645 sollemne,
674 2570 874 2656 legitimum,
901 2572 1124 2636 necessarium

77 2681 154 2738 ante
178 2673 267 2740 diem
290 2691 360 2738 xm
384 2674 554 2739 Kalendas
574 2674 772 2739 Februarias
790 2675 911 2740 Miloni
928 2697 999 2740 esse
1017 2675 1126 2740 Lanu·

78 2779 171 2842 vium
201 2777 244 2842 ad
273 2777 441 2844 flaminem
475 2778 698 2900 prodendum,
740 2778 832 2863 quod
870 2787 941 2844 erat
978 2779 1123 2845 dictator

108 2931 205 2980 28-35.
227 2945 262 2982 ee
258 2895 599 2996 interponebat,
659 2931 723 2990 §26-
754 2932 800 2990 36,
818 2933 863 2982 37.
885 2933 1051 2992 Servos.
1075 2941 1126 2986 eto.

80 3007 170 3058 ‘acted
209 3023 238 3059 as
277 3023 322 3072 go
312 3010 463 3060 between
510 3008 594 3058 001-
616 3009 727 3060 Clodius
739 3010 792 3059 had
805 3010 878 3073 large
889 3011 1008 3060 estates
1001 3025 1029 3059 rn
1049 3011 1130 3062 Etru·

77 3084 170 3134 linem
199 3097 320 3142 novam,
346 3085 378 3135 ‘a
407 3087 504 3136 second
533 3086 593 3136 Col·
615 3086 662 3147 ria,
676 3085 725 3135 but
740 3100 776 3136 no
779 3087 857 3149 hrng
868 3086 998 3136 definite
991 3101 1014 3136 rs
1026 3087 1128 3137 known

78 3161 131 3211 line
150 3161 248 3211 tribe:’
267 3175 311 3212 see
331 3176 366 3212 on
389 3162 457 3212 Soet.
475 3161 541 3212 114.
553 3164 591 3212 28.
614 3162 643 3210 oi
664 3163 709 3212 the
723 3167 854 3224 outrages
875 3163 1031 3212 mentIoned
1051 3164 1125 3214 here.

79 3237 144 3287 Thia
166 3237 235 3287 tribe
254 3251 309 3287 was
331 3238 378 3287 the
394 3243 474 3289 worst
494 3239 523 3288 of
545 3239 592 3288 the
611 3238 741 3300 quibus:
759 3241 874 3288 foroase
886 3239 920 3289 oi.
936 3240 1064 3300 lectona.
1088 3277 1094 3290 .
1119 3276 1125 3290 .

77 3314 139 3364 four
153 3314 208 3376 city
219 3313 310 3376 tribes,
325 3315 346 3363 if
364 3328 418 3376 any
434 3315 591 3382 distinction
613 3313 808 3376 militibusque,
821 3313 897 3364 Caes.
911 3315 932 3364 1.
947 3314 1008 3364 a1.

79 3388 155 3440 could
175 3390 208 3438 be
224 3390 311 3439 made.
346 3401 441 3450 saepe
456 3401 526 3438 esse
540 3388 592 3438 de-

79 3465 236 3522 claratum,
265 3466 320 3526 i.e.‚
345 3466 391 3515 tire
417 3465 513 3527 voting
537 3466 591 3517 irad
645 3465 709 3524 §aa
729 3467 790 3515 2-7.
814 3467 972 3524 sollemne.
988 3466 1125 3527 ‘annuab’

79 3540 178 3591 several
201 3542 280 3592 times
304 3541 420 3592 resulted
442 3542 471 3591 in
501 3541 591 3592 Milo'e
613 3549 662 3593 not
697 3543 836 3594 ‘solemn’
882 3543 1045 3601 flaminem,
1079 3545 1127 3594 the

79 3618 161 3680 favor,
187 3617 236 3667 but
257 3618 312 3667 had
332 3618 401 3668 been
423 3618 591 3680 interrupted
614 3621 696 3683 priest
715 3621 745 3670 oi
761 3620 888 3682 aspecial
901 3620 986 3682 deity:
1005 3620 1067 3670 read
1079 3621 1127 3670 the

78 3695 168 3745 before
190 3695 234 3744 his
253 3694 388 3757 colleague
406 3707 461 3744 was
483 3695 590 3756 named,
613 3701 677 3746 note
689 3710 725 3744 on
738 3697 808 3746 Mur.
822 3695 868 3744 90.
880 3696 912 3745 34
929 3695 973 3744 ior
990 3696 1036 3746 the
1054 3695 1128 3759 deity

79 3772 141 3822 thus
159 3770 306 3835 nullifying
323 3771 367 3821 bis
385 3784 445 3821 own
467 3769 590 3834 electiori,
614 3773 733 3822 referred
745 3778 782 3823 to.
819 3772 972 3822 dictator:
990 3785 1034 3822 see
1045 3785 1070 3835 p.
1084 3773 1125 3834 63,

80 3862 122 3899 see
132 3862 158 3913 p.
171 3848 212 3912 61,
226 3848 240 3911 ᾖ
251 3848 291 3899 40.
613 3849 626 3910 i
637 3847 669 3901 47
681 3849 714 3898 ad
728 3849 784 3912 fin„
797 3848 899 3900 audon
913 3848 1126 3918 duumviratum,
