2876 4378
474 305 553 359 oar.
579 308 602 369 r,
627 304 639 364 t
664 307 750 359 1e1o.
1121 289 1185 360 565

78 479 273 546 Romanum
305 476 342 543 P.
374 480 525 557 Clodius
559 480 605 542 Μ.
640 479 822 563 Papirium,
851 478 1037 556 occidisset,
1065 502 1133 545 non

76 586 149 650 fuit
180 584 266 648 illud
297 583 427 648 facinus
459 584 667 668 puniendum
693 584 810 667 (homo
837 585 925 648 enim
954 584 1074 649 nobilis
1097 585 1130 647 in

76 692 151 756 suis
175 690 390 754 monimentis
417 690 565 773 equitem
591 689 778 752 Romanurn
803 687 1009 772 occiderat);
1042 709 1131 753 nunc

76 794 230 858 eiusdem
263 793 394 878 Appiae
433 814 555 856 nornen
587 801 731 876 quantas
765 791 952 877 tragoedias
983 791 1131 858 excitat!

78 897 177 978 Quae
205 905 379 963 cruentata
402 906 502 962 antea
529 896 629 962 caede
658 896 789 962 honesti
815 905 917 982 atque
945 898 1133 963 innocentis
1156 914 1185 960 ³0

76 1005 144 1067 viri
171 1003 342 1079 silebatur,
374 1001 489 1066 eadem
521 1023 610 1065 nunc
638 1000 752 1065 crebro
784 1009 976 1085 usurpatur,
1004 1009 1133 1086 postca·

77 1129 183 1192 quarn
197 1107 337 1172 latronis
352 1113 388 1171 et
410 1104 594 1190 parricidae
620 1106 784 1190 sanguine
811 1104 940 1168 imbuta
958 1113 1017 1170 est.
1065 1104 1132 1170 Sed
1203 1135 1206 1141 ·

77 1211 164 1296 quid
202 1233 263 1296 ego
302 1210 360 1273 illa
398 1209 643 1296 commemoro?
700 1208 969 1292 Comprehensus
1008 1216 1059 1274 est
1095 1211 1130 1274 in

77 1315 206 1399 templo
237 1313 386 1378 Castoris
417 1335 534 1378 servus
567 1312 604 1374 P.
636 1311 745 1388 Clodi,
773 1333 874 1396 quem
904 1313 961 1376 ille
992 1311 1035 1376 ad
1066 1313 1128 1377 Cn.

78 1419 279 1502 Pompeium
312 1417 581 1482 interficiendum
612 1417 800 1481 collocarat.
857 1417 1000 1481 Extorta
1026 1425 1078 1482 est
1101 1418 1132 1482 ei
1155 1433 1184 1479 35

76 1523 253 1588 confitenti
279 1523 347 1586 sica
371 1521 411 1585 de
439 1521 601 1586 manibus.
650 1519 770 1588 ,Caruit
793 1519 865 1584 foro
892 1529 1009 1605 postea
1036 1521 1132 1585 Pom·

77 1628 184 1712 peiuS,
202 1627 311 1690 caruit
328 1632 459 1701 senatu,
477 1626 585 1688 caruit
608 1623 759 1708 publico;
784 1626 885 1688 ianua
908 1647 943 1689 se
967 1647 1005 1689 ac
1029 1625 1131 1710 parie-

76 1731 180 1806 tibus
198 1751 265 1794 non
282 1730 353 1794 iure
370 1730 484 1816 legum
500 1728 768 1812 iudiciorumque
794 1729 890 1794 texit.
936 1727 1129 1814 Numquae
1180 1809 1182 1812 Ι

75 1836 207 1921 rogatio
246 1835 323 1910 iata,
355 1856 436 1898 num
468 1853 553 1918 quae
585 1853 672 1897 nova
708 1834 860 1917 quaestio
891 1832 1026 1898 decreta
1055 1834 1132 1898 cst?
1154 1849 1183 1895 39

76 1940 198 2024 Atqui,
226 1941 255 2003 si
282 1960 343 2014 res,
372 1939 400 2002 si
429 1939 490 2014 vir,
518 1939 546 2002 si
575 1946 707 2023 tempus
741 1939 850 2003 ullum
881 1938 1021 2025 dignum
1051 1939 1128 2015 fuit,
1147 1944 1182 2007 19

75 2052 166 2109 certe
190 2043 271 2107 haec
294 2045 329 2107 in
353 2043 411 2106 illa
438 2063 538 2106 causa
559 2063 690 2106 summa
712 2044 825 2107 omnia
851 2043 1002 2107 fuerunt.
1048 2042 1130 2106 Insi-

76 2149 186 2212 diator
216 2155 287 2212 erat
312 2149 347 2210 in
370 2146 444 2210 foro
470 2147 654 2210 collocatus
679 2154 782 2232 atque
806 2149 841 2210 in
865 2147 1032 2212 vestibulo
1055 2148 1128 2232 ipso

76 2260 222 2327 senatus,
251 2253 281 2315 ei
309 2252 381 2315 viro
408 2258 522 2314 autem
550 2272 637 2315 mors
665 2251 852 2335 parabatur,
881 2252 976 2316 cuius
1000 2252 1034 2314 in
1058 2252 1129 2316 vita

76 2355 247 2419 nitebatur
261 2353 351 2417 salus
368 2354 526 2430 civitatis,
543 2375 582 2419 eo
604 2375 701 2439 porro
725 2356 774 2420 rei
798 2355 951 2440 publicae
967 2363 1126 2441 tempore,

76 2480 144 2542 quo
174 2460 202 2521 si
234 2478 322 2521 unus
352 2457 410 2522 ille
439 2457 622 2535 cecidisset,
653 2481 720 2524 non
750 2460 832 2525 haec
859 2462 968 2524 solum
998 2461 1132 2537 civitas,
1150 2478 1180 2522 rt

75 2562 135 2627 sed
164 2569 282 2648 gentes
314 2583 429 2626 omnes
461 2562 696 2628 concidissent.
743 2564 817 2629 Nisi
843 2587 930 2640 vero,
955 2567 1034 2650 quia
1058 2588 1148 2650 per-v

76 2667 238 2732 iactares
262 2674 413 2742 nonest,
442 2687 509 2730 non
536 2666 604 2730 fuit
631 2668 835 2752 poenienda3
868 2669 1005 2753 proinde
1029 2671 1126 2754 quasi

76 2772 188 2835 exitus
200 2792 320 2846 rerum,
334 2792 401 2834 non
418 2771 591 2834 homiuum
603 2773 743 2836 consilia
759 2771 888 2858 iegibus
902 2772 1125 2837 vindicentur.

78 2875 191 2938 Minus
215 2873 399 2938 dolendum
422 2873 490 2938 fuit
512 2896 545 2938 re
563 2896 630 2938 non
647 2875 804 2959 perfecta,
821 2876 881 2940 sed
904 2877 1128 2960 poeniendum
1149 2893 1179 2938 49

109 3146 299 3210 11826416.
328 3147 491 3209 Papirium,
517 3138 589 3199 murss
616 3148 645 3197 ei
662 3148 701 3198 de
714 3148 871 3198 manibus:
889 3150 932 3199 for
945 3164 1018 3200 cases
1036 3164 1127 3200 aeeon

78 3225 155 3276 dered
171 3225 206 3286 by
218 3225 265 3272 the
278 3223 412 3274 followers
430 3225 459 3274 of
477 3225 588 3274 Clodius
615 3225 636 3274 Ι.
650 3224 696 3273 16.
709 3226 748 3286 3ὂ,
762 3225 801 3275 36.
838 3226 945 3282 caruit,
960 3227 1041 3290 ‘kept
1052 3241 1127 3290 away

78 3303 105 3352 in
116 3302 146 3351 58
158 3302 187 3350 in
205 3315 221 3349 a
240 3299 346 3362 quarrel
365 3314 456 3349 cvera
476 3302 588 3364 hostage
614 3300 704 3350 from.’
892 3363 894 3368 ι

78 3378 164 3427 whom
183 3377 301 3437 Clodius,
314 3376 385 3426 fora
401 3377 489 3439 heavy
501 3379 585 3439 bribe,
646 3377 710 3438 §¹9-
729 3376 830 3425 41-40.
848 3376 926 3426 haec
945 3377 1061 3427 omnia:
1085 3380 1127 3427 for

80 3469 129 3504 was
141 3454 230 3515 trying
241 3458 270 3502 to
287 3458 332 3516 get
349 3453 419 3502 back
436 3454 547 3515 secretly
558 3460 587 3502 to
614 3452 714 3513 gender
730 3453 764 3500 cf.
786 3453 821 3500 ΙΙ.
840 3452 885 3502 19.
912 3455 949 3502 15.
985 3457 1126 3515 tempore

78 3534 119 3582 his
140 3533 231 3581 native
257 3531 330 3580 land.
366 3529 454 3589 Quae
480 3543 587 3579 cruen-
614 3539 690 3588 quo:
715 3528 882 3577 cf.Sull.1.
905 3530 946 3577 11:
970 3532 1075 3591 tempus
1097 3531 1126 3580 in
1217 3553 1220 3555 >

78 3612 147 3665 tata.
167 3607 229 3656 ‘the
252 3606 418 3656 bloodstains
441 3620 513 3668 upon
537 3607 584 3656 it:'
614 3617 677 3665 quo,
696 3604 749 3653 and
773 3605 881 3666 explain
900 3606 947 3654 the
966 3606 1079 3656 absence
1097 3605 1126 3655 oi

78 3685 118 3734 for
135 3684 189 3733 this
208 3697 255 3732 use
276 3682 305 3732 of
322 3683 369 3730 the
389 3681 530 3744 participle
550 3682 584 3731 cf.
613 3681 660 3729 the
677 3681 851 3742 proposition.
881 3682 986 3730 exitus
998 3717 1003 3730 .
1016 3717 1021 3729 .
1033 3717 1039 3730 .
1052 3694 1125 3731 con-

79 3758 141 3808 Sull.
154 3756 255 3819 &233
273 3757 343 3805 Mur.
361 3755 406 3802 35.
419 3756 442 3804 8.
477 3767 587 3804 servus
613 3756 690 3814 eilia,
715 3756 776 3807 ‘the
803 3758 898 3808 results
926 3759 955 3808 of
984 3763 1048 3820 acts,
1075 3764 1125 3809 not

78 3835 108 3885 P.
132 3832 234 3883 clodi:
264 3846 308 3883 see
334 3847 369 3883 on
393 3832 461 3883 seat.
490 3831 535 3882 69.
562 3833 584 3886 7.
614 3833 701 3884 ruen’s
734 3834 903 3886 intentione!
955 3834 992 3886 of
1030 3847 1124 3888 course
