2936 4376
544 292 740 359 rxeuusus
761 290 812 358 it.
1157 285 1214 358 2'81

150 475 180 530 iu
191 475 312 530 exercitu
322 475 421 540 iuerat,
433 476 573 542 plerosque
587 479 660 542 ipsos
686 477 760 540 tatis,
774 478 803 527 in
820 474 1042 528 confertissumos
1058 475 1145 526 bostis
1157 476 1197 526 in-

150 555 275 619 iectaque
287 568 379 605 eorum
394 555 476 605 tortia
487 559 611 606 noverat:
628 568 660 604 ea
685 554 770 605 currit
783 553 872 617 ibique
884 565 1008 617 pugnans
1020 553 1183 603 confoditur.

150 632 385 682 commemorando
409 631 527 681 miiitum
554 631 659 682 animos
717 629 762 680 61.
780 630 832 681 Sed
855 630 980 680 coniecto
1007 628 1110 692 proelio
1138 635 1197 679 turn

150 707 320 758 accendebat.
685 721 748 757 vero
782 719 911 767 cerneres,
949 711 1051 769 quanta
1083 705 1197 756 audacia

182 782 227 833 60.
244 783 295 834 Sed
313 784 360 834 ubi
376 784 502 834 omnibus
518 783 597 834 rebus
614 797 659 834 ex·
684 789 839 847 quantaque
850 782 935 832 animi
947 783 988 832 vis
998 781 1094 832 fuisset
1106 783 1134 831 in
1151 795 1197 832 ex-

150 859 260 924 ploratis
272 860 394 910 Petreius
406 860 471 910 tuba
483 860 590 923 signum
601 860 657 922 dat,
684 861 771 910 ercitu
782 858 924 910 Catilinae.
960 859 1031 908 Nem
1048 860 1104 908 iere
1115 873 1196 923 quem
1213 865 1227 911 t

149 935 267 986 cohortis
283 935 415 999 paulatim
433 937 556 986 incedere
572 936 658 999 iubet3
685 937 798 1001 quisque
826 938 901 986 vivos
929 935 1074 999 pugnando
1109 934 1196 986 iocum

150 1012 221 1061 idem
253 1012 319 1062 iacit
357 1012 476 1062 bostium
515 1013 656 1062 exercitus.
685 1019 800 1076 ceperat,
809 1013 909 1062 amissa
918 1025 979 1062 eum
987 1012 1196 1074 auimacorpore

116 1088 296 1152 2P0stquam
319 1101 351 1139 eo
373 1095 484 1138 ventum
512 1095 561 1150 est,
586 1089 658 1139 unde
685 1090 799 1153 tegebat.
834 1087 918 1138 Pauci
938 1093 1038 1148 autem,
1056 1101 1122 1151 quos
1143 1087 1227 1138 med

149 1179 166 1214 a
198 1165 349 1215 ferentariis
371 1165 503 1228 proelium
525 1165 657 1214 committi
684 1167 744 1216 dios
765 1167 862 1216 cohors
886 1165 1021 1228 praetoria
1045 1165 1194 1226 disiecerat,

149 1247 247 1304 posset,
282 1256 410 1293 maxumo
449 1240 565 1290 clamore
597 1255 659 1290 cunr
685 1241 920 1304 paulodivorsiue,
935 1241 1087 1291 sedorunes
1104 1246 1196 1291 tarneu

150 1319 255 1368 infestis
282 1319 366 1383 signis
395 1324 571 1369 concurrunt:
604 1317 660 1380 pila
685 1321 806 1371 advorsis
830 1320 985 1371 volneribus
1012 1319 1193 1370 conciderant.

149 1396 288 1456 omittunt,
322 1395 418 1458 gladiis
462 1409 504 1445 res
547 1395 656 1458 geritur.
686 1397 804 1446 Catilina
824 1411 888 1446 vero
908 1395 987 1460 longe
1009 1410 1026 1445 a
1047 1396 1102 1446 suis
1127 1396 1227 1446 interi

116 1471 288 1532 3Veterani,
312 1473 442 1536 pristinae
469 1472 577 1522 virtutis
605 1485 659 1521 me·
685 1474 807 1524 hostium
835 1474 966 1524 cadavera
994 1478 1113 1536 repertus
1144 1478 1194 1534 est,

149 1562 244 1610 mores,
262 1551 413 1599 cornminus
435 1550 531 1598 acriter
549 1549 657 1610 instare,
685 1550 826 1614 paullulum
837 1551 918 1601 etiam
934 1551 1039 1614 spirans
1056 1549 1196 1599 ferociam-

149 1624 188 1674 illi
205 1626 276 1675 lraud
296 1626 384 1675 timidi
402 1627 543 1676 resistunt:
566 1639 659 1674 maxu·
685 1641 737 1689 que
753 1628 846 1688 animi,
861 1641 942 1691 quarn
961 1627 1092 1677 habuerat
1110 1627 1194 1687 viros,

116 1703 236 1751 imavi
253 1708 378 1752 certatur.
414 1702 523 1752 Interea
540 1701 658 1752 Catilina
686 1704 714 1752 ln
737 1703 812 1753 voltu
834 1705 960 1753 retinens.
1000 1703 1140 1752 Postremo
1162 1704 1228 1752 exii

149 1795 210 1831 cum
228 1782 360 1844 expeditis
378 1782 405 1830 in
423 1782 511 1844 prima
527 1783 584 1832 acie
601 1795 659 1831 vor·
685 1781 758 1830 omni
771 1782 850 1844 copia
861 1795 949 1845 neque
959 1781 985 1830 iu
999 1780 1100 1844 proelio
1110 1793 1195 1842 neque

149 1857 210 1918 sari,
229 1857 414 1908 laborantibus
437 1871 599 1919 succurrere,
619 1859 659 1908 ln·
685 1856 713 1905 in
731 1857 795 1920 iuga
817 1857 962 1920 quisquam
979 1858 1044 1907 civis
1062 1857 1195 1920 ingenuus

150 1939 237 1996 tegros
248 1948 297 1997 pro
306 1934 403 1984 sauciis
415 1947 555 1996 arcessere,
567 1935 659 1984 omnia
684 1938 779 1995 captus
795 1939 849 1983 est:
868 1934 906 1983 lta
923 1934 1014 1984 cuncti
1031 1945 1095 1983 suae
1112 1933 1196 1983 liostl·
1211 1930 1227 1975 6

148 2010 296 2071 providere,
315 2010 431 2060 multum
453 2011 509 2073 ipse
528 2023 657 2074 pugnare,
685 2021 784 2072 rumque
806 2009 879 2060 vitae
908 2011 984 2060 irrata
1010 2015 1193 2072 pepercerant.

148 2099 228 2147 saepe
236 2087 341 2136 bostem
349 2086 440 2136 ferire:
453 2087 555 2137 strenui
566 2087 659 2136 militie
686 2085 779 2148 Neque
812 2091 905 2136 tamen
938 2087 1071 2137 exercitus
1103 2083 1227 2150 popuiii

148 2170 175 2211 et
192 2161 255 2212 boni
279 2163 446 2224 imperatoris
469 2162 557 2212 officia
579 2162 658 2212 simul
686 2160 801 2210 Romani
829 2161 929 2212 laetam
956 2170 1004 2211 aut
1028 2163 1196 2212 incruentam

25 2241 27 2244 '
115 2243 130 2288 5
148 2239 352 2301 exsequebatur.
387 2239 510 2289 Petreius
528 2239 574 2289 ubi
586 2239 660 2288 videt
685 2237 826 2286 victoriam
834 2238 948 2301 adeptus
958 2245 1027 2288 erat:
1040 2251 1103 2288 riam
1111 2245 1197 2288 stren-

149 2313 304 2375 Catilinam,
325 2320 419 2365 contra
441 2329 473 2365 ac
495 2319 569 2364 ratus
592 2321 657 2376 erat,
685 2313 821 2363 uissuruus
838 2315 949 2378 quisque
962 2321 1009 2364 aut
1021 2314 1156 2364 occiderat
1168 2315 1196 2364 in

148 2392 284 2454 magnati
297 2392 417 2453 tendere,
431 2391 569 2441 eohortem
584 2405 659 2453 prae·
686 2389 787 2450 proelio
814 2395 862 2440 aut
895 2392 1012 2454 graviter
1040 2390 1196 2442 volneratus

148 2468 245 2517 coriam
268 2468 296 2516 in
322 2467 425 2517 medios
447 2467 532 2518 hostis
556 2467 659 2517 inducit
684 2465 849 2516 discesserat.
886 2467 967 2517 Multi
990 2475 1090 2528 autem,
1111 2467 1157 2530 qui
1181 2467 1228 2516 e8

147 2557 246 2605 eosque
274 2545 445 2606 perturbatos
477 2549 559 2607 atque
592 2543 659 2592 aiios
684 2543 779 2592 castris
789 2543 897 2592 visundi
908 2550 956 2593 arrt
967 2543 1100 2606 spoliandi
1110 2542 1197 2606 gratia

147 2619 211 2669 alibi
234 2621 382 2670 resistentis
405 2619 542 2680 interficit,
561 2619 658 2669 deinde
685 2625 878 2680 processerant,
913 2620 1052 2669 volventes
1086 2617 1197 2668 hostilia

75 2711 79 2719 ·
147 2697 281 2758 utrimque
299 2711 334 2746 ex
350 2697 478 2747 lateribus
495 2703 598 2745 ceteros
615 2709 659 2758 ag·
684 2695 815 2744 cadavera
827 2697 945 2746 aruicurn
957 2697 1013 2757 alii,
1027 2710 1088 2759 pars
1106 2695 1197 2759 bospi-

115 2772 274 2833 6greditur.
310 2774 428 2823 Manlius
449 2777 476 2821 et
494 2771 659 2822 Faesulanus
685 2776 739 2820 tem
766 2777 814 2821 aut
841 2779 986 2836 cognatum
1015 2772 1196 2836 reperiebant3

115 2849 129 2896 i
148 2849 175 2896 in
188 2849 281 2910 primis
293 2855 445 2912 pugnantes
454 2849 564 2898 cadunt.
600 2847 659 2896 Cat
684 2848 759 2898 fuere
772 2849 838 2898 item
853 2850 900 2912 qui
915 2850 1039 2899 inimicos
1057 2862 1119 2898 suos
1136 2862 1197 2911 eog-

75 2969 80 2978 ,
147 2924 213 2973 ilina
225 2931 368 2987 postquam
379 2926 455 2975 fusas
468 2925 560 2986 copias
578 2937 658 2986 seque
684 2929 833 2974 noscerent.
870 2924 913 2974 ita
928 2926 1000 2975 varie
1021 2938 1069 2987 per
1087 2935 1228 2979 omnemn

147 3013 209 3048 curn
221 3001 313 3061 paucis
324 3001 448 3050 relietum
460 3001 541 3061 videt,
555 3013 659 3050 memor
684 3000 832 3050 exercitum
852 2999 956 3050 laetitia
973 3014 1086 3062 maeror,
1105 2998 1196 3051 luctus

146 3077 251 3138 generis
262 3082 343 3141 atque
353 3077 485 3142 pristinae
496 3089 560 3128 suae
570 3076 659 3142 digni·
683 3081 765 3141 atque
775 3075 874 3142 gaudia
884 3076 1065 3142 agitabantur.
