2838 4380
460 311 514 366 ar.
540 309 604 377 nn,
629 309 726 378 514·
1112 291 1177 366 368

70 481 160 550 dum
175 487 303 552 veritus
318 492 380 564 est,
397 509 438 552 ne
455 486 571 550 Fufius
588 488 618 550 ei
642 486 709 572 legi
726 484 959 560 intercederet,
976 505 1061 570 quae
1078 507 1121 550 ex

69 591 389 655 senatusconsulto
413 589 592 665 ferebatur,
610 612 677 653 non
694 589 782 656 vidit
803 588 900 667 illud,
924 589 1030 654 satius
1054 611 1125 655 csse
1148 605 1179 652 so

70 694 174 757 illurn
205 700 239 758 in
269 693 407 758 infamia
438 694 584 779 relinqui
614 715 652 758 ac
682 692 836 759 sordibus
867 714 968 779 quam
991 693 1122 758 infirmo

70 796 201 862 iudicio
232 799 407 874 committi,
447 797 508 863 sed
545 797 668 863 ductus
706 796 782 862 odio
820 799 1016 883 properavit
1053 819 1121 863 rern

71 899 242 967 deducere
284 902 318 966 in
359 902 532 978 iudicium,
571 923 648 966 cum
685 902 782 965 illurn
820 901 978 986 plumbeo
1015 901 1127 988 gladio

71 1005 268 1091 iugulatum
283 1007 324 1069 iri
340 1013 452 1071 tamen
471 1005 608 1071 diceret.
654 1004 731 1081 Sed,
749 1004 912 1070 iudicium
934 1007 963 1070 si
988 1006 1119 1091 quaeris
1158 1009 1178 1069 3

73 1108 177 1192 quale
202 1107 315 1186 fuerit,
332 1109 521 1174 incredibili
544 1110 651 1187 exitu,
667 1109 725 1185 sic,
742 1110 795 1172 uti
818 1130 909 1174 nunc
932 1131 974 1174 ex
999 1118 1125 1175 eventu
1149 1125 1178 1170 sa

72 1212 117 1277 ab
140 1213 226 1290 aliis,
250 1235 269 1278 a
292 1235 343 1279 me
367 1215 434 1278 iam
457 1235 500 1280 ex
524 1215 597 1299 ipso
620 1215 719 1279 initio
742 1215 919 1278 consilium
951 1214 1125 1280 Hortensii

72 1317 348 1401 reprehendatur.
395 1318 491 1396 Nam,
514 1327 554 1383 ut
575 1319 712 1383 reiectio
736 1318 826 1383 facta
849 1326 902 1384 est
924 1318 1124 1384 clamoribus

73 1421 241 1499 maximis,
256 1402 334 1487 cur'n
349 1429 523 1488 accusator
538 1431 709 1508 tamquam
725 1443 843 1488 censor
854 1421 961 1488 bonus
973 1423 1124 1487 homines

74 1525 297 1612 nequissimos
324 1527 486 1604 reiiceret,
517 1548 593 1591 reus
625 1535 797 1612 tamquam
826 1527 971 1592 clemens
1001 1527 1124 1591 lanista

73 1627 341 1716 frugalissimum
364 1651 531 1716 quemque
555 1638 753 1707 secerneret,
770 1638 809 1696 ut
831 1631 975 1715 primum
998 1630 1126 1696 iudices
1147 1644 1178 1690 so

75 1732 311 1812 consederunt,
328 1733 426 1800 valde
442 1733 593 1800 diffidere
616 1734 695 1800 boni
719 1742 919 1819 coeperunt3
943 1755 1010 1798 non
1034 1736 1124 1799 enim

76 1858 237 1922 umquem
252 1839 382 1924 turpior
403 1839 437 1902 in
460 1838 542 1903 ludo
565 1840 683 1904 talario
707 1859 883 1904 consessus
906 1837 991 1904 fuit:
1017 1859 1126 1904 macu-

75 1941 139 2006 losi
151 1949 330 2019 senatores,
344 1941 427 2007 nudi
439 1944 582 2028 equites,
599 1943 726 2008 tribuni
737 1964 803 2006 non
817 1951 885 2007 tanr
897 1942 1000 2007 aerati
1013 1964 1123 2027 quam,

76 2054 117 2110 ut
131 2047 357 2131 appellantur,
375 2048 511 2123 aerarii3
536 2048 634 2133 pauci
651 2055 762 2112 tamen
779 2046 857 2112 boni
880 2048 1022 2124 inerant,
1039 2069 1123 2133 quos

76 2150 255 2216 reiectione
272 2149 390 2237 fugare
408 2151 464 2216 ille
481 2173 548 2216 non
561 2159 728 2237 potuerat,
741 2151 801 2235 qui
817 2152 938 2216 maesti
961 2152 1050 2217 inter
1071 2153 1124 2216 sui
1146 2169 1176 2214 so

76 2253 254 2320 dissimiles
278 2263 314 2320 et
336 2264 521 2320 maerentes
544 2255 706 2320 sedebant
732 2263 767 2319 et
797 2256 996 2342 contagione
1020 2257 1124 2340 turpi·

78 2357 205 2422 tudinis
229 2358 445 2424 vehementer
468 2358 757 2444 permovebantur.
805 2358 881 2436 Hic,
906 2366 945 2423 ut
972 2380 1124 2445 quaeque
1156 2364 1177 2424 4

77 2482 129 2526 res
158 2461 201 2526 ad
232 2463 409 2527 consilium
439 2464 555 2548 primis
587 2462 872 2549 postulationibus
903 2462 1120 2539 referebatur,

109 2633 209 2685 29-34.
233 2634 308 2684 dum
326 2636 446 2685 veritus
464 2639 527 2686 est:
544 2637 590 2684 the
614 2634 752 2684 clemens
763 2634 891 2682 lanista:
904 2648 947 2684 see
957 2647 991 2684 on
1002 2633 1068 2685 Sull.
1079 2634 1125 2684 1⁵.

78 2711 179 2773 perfect
191 2711 256 2761 with
269 2712 341 2772 dum,
358 2712 474 2774 ‘while'
490 2714 512 2761 is
520 2726 590 2774 rare3
615 2714 652 2761 1s.
669 2732 672 2739 ·
688 2711 731 2760 He
744 2710 832 2760 would
844 2711 980 2774 naturally
991 2725 1069 2773 spare
1081 2711 1124 2761 lris

79 2788 150 2836 what
172 2788 195 2838 is
214 2788 261 2836 the
283 2787 390 2850 regular
413 2789 512 2838 tense?
545 2789 590 2838 in·
613 2789 671 2837 best
683 2802 746 2836 rnen
758 2802 787 2837 as
799 2787 880 2836 much
893 2801 922 2836 as
934 2786 1059 2850 possible.

78 2863 265 2914 tercederst:
278 2878 321 2913 see
331 2879 356 2926 p.
371 2865 412 2925 68,
424 2865 438 2926 §
450 2863 490 2916 72.
525 2877 590 2914 sor·
643 2863 744 2913 4244.
762 2863 839 2913 ludo
861 2863 982 2921 talario,
1007 2862 1125 2925 ‘variety

79 2939 177 2996 dibus,
207 2939 439 2990 ‘wretchedness’
473 2941 590 3002 lugula·
613 2940 705 3000 show,’
720 2931 749 2989 so
761 2939 846 2990 called
858 2939 929 2989 from
941 2940 988 2989 the
1005 2941 1079 2991 dress
1096 2941 1125 2990 ol

79 3016 343 3067 tumlr1:forform
359 3017 394 3066 cl.
410 3016 474 3067 Snll.
490 3017 586 3066 21.1o.
612 3017 658 3066 the
692 3017 864 3079 performers,
897 3017 978 3066 restis
1015 3016 1122 3076 talaris,

79 3097 194 3141 tamen:
213 3107 256 3143 see
268 3107 302 3142 oa
316 3093 382 3143 Sall.
396 3092 422 3141 1.
435 3095 462 3144 7:
481 3094 526 3142 the
545 3094 587 3143 ab.
613 3093 758 3155 ‘reaching
775 3098 804 3142 to
823 3093 869 3142 the
887 3090 1001 3142 ankles.’
1037 3105 1124 3142 sena·

80 3170 132 3218 abs.
148 3169 272 3230 plumbeo
283 3169 377 3230 plodio
389 3183 589 3231 :quamquam
611 3172 703 3226 tores,
716 3168 846 3230 equites,
858 3169 989 3218 tribunt:
1002 3183 1045 3218 see
1058 3169 1122 3219 Ero.

78 3245 216 3305 plumbeus
228 3248 297 3294 essct
307 3245 426 3306 plectar.
612 3244 648 3294 Π.
669 3246 720 3306 §a
756 3245 860 3302 aerati,
874 3244 966 3295 ‘rien’
1002 3245 1124 3293 aerarii:

111 3321 158 3382 53.
178 3319 279 3369 35-39.
298 3319 393 3377 exitu,
405 3321 458 3370 abl.
473 3322 502 3370 of
515 3322 589 3384 qual·
611 3335 627 3370 a
650 3335 706 3383 pun
729 3336 764 3370 on
782 3323 828 3370 the
850 3328 905 3371 two
923 3333 1014 3372 senses
1032 3321 1062 3371 of
1079 3322 1125 3371 the

82 3397 126 3458 ity,
138 3396 166 3444 in
184 3397 320 3458 predicate
337 3397 403 3446 with
413 3396 474 3456 suit
491 3399 589 3447 under·
611 3398 693 3459 word,
714 3411 766 3446 one
785 3397 929 3460 explaIned
949 3395 999 3449 IV.
1019 3397 1065 3446 15.
1083 3399 1123 3458 32,

82 3472 164 3522 stood.
208 3473 255 3522 sic
269 3473 368 3533 :tola
393 3473 427 3522 cf.
454 3476 496 3523 ita
518 3474 585 3524 Sull.
612 3476 658 3524 the
670 3474 749 3523 other
760 3489 785 3536 p.
800 3476 840 3533 59,
856 3473 1018 3536 §30adlin

82 3549 124 3597 22.
145 3549 185 3610 28,
210 3549 267 3599 also
292 3549 436 3611 predicate.
472 3554 587 3613 eventu
643 3552 691 3610 §al
706 3550 807 3599 47-52.
827 3550 904 3600 Hic:
918 3551 1030 3602 ci.Snll.
1043 3550 1123 3612 50.6;

82 3659 130 3672 ...
147 3624 252 3674 initio:
275 3624 382 3687 explain
400 3626 447 3674 the
464 3638 588 3689 arrange·
609 3626 654 3675 21.
674 3630 699 3675 1:
723 3628 812 3676 notice
830 3627 890 3676 that
907 3628 962 3676 this
979 3641 1027 3677 use
1038 3627 1068 3678 of
1078 3627 1125 3676 the

83 3707 154 3750 ment
165 3701 194 3750 of
205 3703 252 3750 the
260 3702 355 3752 words.
391 3702 534 3751 reiectio:
543 3713 588 3762 see
611 3693 682 3752 word
695 3703 795 3765 always
805 3704 911 3766 implies
923 3706 1040 3766 surprise
1049 3718 1080 3754 or
1088 3705 1126 3753 in·

84 3777 143 3826 Ere.
155 3778 192 3826 11.
204 3778 218 3840 ς
230 3779 254 3828 8.
290 3781 462 3836 accusator,
475 3779 505 3828 L.
518 3779 588 3828 Len·
610 3779 759 3842 dignation.
796 3779 975 3829 consilium:
999 3795 1042 3832 see
1058 3780 1123 3831 Exc.

83 3853 151 3904 tulus
163 3853 239 3915 Orus,
253 3855 347 3904 consul
359 3857 388 3905 in
404 3855 443 3905 49.
479 3866 589 3905 censor
612 3856 649 3905 11.
664 3853 676 3912 i
691 3855 1013 3918 &postulationibus
1032 3857 1061 3906 ln
1077 3857 1125 3906 the

86 3929 303 3981 ...reflcsrstr
330 3944 376 3984 sss
397 3945 423 3996 p.
447 3931 488 3992 65,
511 3932 525 3996 §
547 3932 587 3984 57.
612 3932 787 3996 preliminary
800 3932 985 3998 proceedings,
995 3933 1126 3985 demands
