2838 4380
455 326 535 386 err.
560 331 615 397 ts,
642 329 655 398 s
679 328 765 386 ton.
1119 315 1185 387 439

132 519 167 572 v.
200 506 275 572 Hoc
299 506 447 572 adventu
476 508 514 570 P.
540 507 627 572 Sesti
655 507 864 600 tribpnorum
893 508 937 592 pl.
960 529 1133 584 novorum,

89 615 245 698 quitum
269 608 428 677 extremis
456 612 573 677 diebus
598 613 791 676 consulatus
816 613 880 676 mei
900 633 951 676 res
967 634 1033 688 eas
1050 633 1133 697 quas

88 738 266 803 gesseram,
283 738 405 782 vexare
430 717 620 802 cupiebant,
645 712 862 801 reliquaeque
893 718 1134 782 coniurationis

88 822 234 905 impetus
250 827 285 886 et
300 829 440 885 conatus
457 828 538 885 sunt
552 819 722 884 retardati.
770 820 822 884 Ao
845 828 1061 904 posteaquam
1083 821 1186 885 est12

88 925 299 989 intellectum
332 924 379 987 M.
408 923 536 988 Catone
568 923 703 988 tribuno
734 924 791 1008 pl,
818 923 1002 988 fortissimo
1032 931 1133 1009 atque
1171 941 1185 984 t

88 1029 215 1112 optimo
241 1029 317 1104 civi,
337 1049 407 1092 rem
435 1026 603 1114 publicam
633 1025 837 1092 defendente
868 1049 927 1112 per
956 1049 991 1092 se
1022 1029 1132 1111 ipsum

87 1140 242 1197 senatum
258 1133 488 1217 populumque
505 1132 695 1196 Romanum
710 1131 781 1195 sine
799 1132 944 1195 militum
966 1130 1131 1216 praesidio

89 1238 177 1301 tueri
200 1236 298 1302 facile
326 1237 498 1300 maiestate
523 1257 585 1300 sua
609 1235 809 1321 dignitatem
829 1257 955 1310 eorum,
973 1236 1031 1319 qui
1048 1235 1133 1300 salu·

89 1349 157 1405 tem
172 1361 382 1405 communem
398 1341 547 1425 periculo
563 1361 624 1403 suo
641 1337 884 1415 defendissent,
902 1338 1033 1404 Sestius
1055 1361 1130 1403 oum

88 1445 146 1508 illo
163 1446 314 1510 exercitu
331 1466 460 1509 summa
476 1444 648 1508 celeritate
663 1442 702 1506 C.
722 1444 909 1507 Antonium
933 1451 1133 1508 consecutus
1157 1460 1186 1504 ro

87 1555 148 1613 est.
194 1548 260 1612 Hic
277 1570 339 1634 ego
356 1547 439 1633 quid
462 1547 660 1633 praedicem,
679 1547 800 1631 quibus
825 1547 878 1611 hio
903 1547 999 1611 rebus
1017 1568 1134 1611 consu·

87 1655 152 1716 lem
170 1660 327 1737 quaestor
342 1651 385 1715 ad
400 1673 469 1716 rem
485 1651 664 1738 gerendam
688 1652 853 1726 excitarit,
870 1672 955 1735 quos
979 1652 1133 1716 stimulos

87 1755 274 1821 admoverit
289 1755 416 1819 homini
432 1754 583 1820 studioso
599 1755 739 1819 fortasse
757 1753 926 1830 victoriae,
943 1754 1002 1820 sed
1021 1762 1134 1819 tamen

86 1861 227 1924 nimium
244 1852 455 1924 communem
472 1859 614 1924 Martem
632 1858 710 1923 belli
731 1880 915 1943 casumque
940 1859 1131 1923 metuenti?

87 1964 242 2052 Longum
270 1972 322 2029 est
347 1985 386 2027 ea
413 1963 532 2041 dicere,
556 1964 615 2028 sed
642 1963 704 2028 hoc
732 1961 832 2027 breve
864 1962 1004 2027 dieam:.
1026 1961 1060 2026 Si
1085 1962 1131 2026 M.
1157 1979 1184 2023 15

86 2068 199 2133 Petrei
225 2090 292 2132 non
317 2069 484 2132 excellens
509 2069 640 2131 animus
657 2075 691 2131 ct
706 2088 799 2130 amor
816 2068 863 2132 rei
884 2066 1048 2150 publicae,
1065 2087 1133 2130 non

86 2180 257 2258 praestans
272 2173 308 2236 in
332 2194 367 2238 re
394 2172 529 2257 publica
556 2173 674 2248 virtus,
693 2193 758 2234 non
791 2191 922 2234 summa
951 2171 1132 2236 arroteritos

85 2277 175 2362 apud
191 2277 324 2355 milites,
337 2298 405 2341 non
422 2275 582 2341 mirificus
599 2297 680 2340 usus
697 2276 730 2338 in
749 2297 781 2340 re
801 2276 936 2339 militari
953 2275 1131 2352 extitisset,

116 2493 142 2551 1,
154 2494 180 2542 2.
196 2493 393 2542 tribunorum
416 2529 422 2541 .
446 2528 453 2541 .
475 2528 481 2542 .
500 2503 597 2541 novo·
622 2491 758 2541 Martem
774 2491 856 2548 belli,
871 2492 1012 2542 ‘doubtful
1029 2505 1133 2542 success

85 2583 166 2619 rum:
186 2570 263 2619 those
282 2571 344 2620 who
355 2575 428 2620 went
445 2571 503 2619 into
520 2569 596 2618 office
621 2569 648 2617 in
658 2569 763 2619 battle!
798 2569 886 2629 More,
899 2569 951 2631 god
963 2569 993 2618 oi
1010 2582 1064 2618 war
1077 2568 1133 2631 (see

85 2647 148 2697 Dec.
164 2646 235 2708 ioth,
248 2648 288 2708 63,
302 2646 446 2710 especially
457 2646 489 2707 Q.
503 2646 597 2696 Metel·
619 2645 735 2708 vocab),
749 2648 771 2696 is
783 2643 857 2696 oit'en
871 2646 936 2696 used
949 2645 978 2695 oi
991 2645 1130 2706 ‘success’

84 2724 125 2773 lus
137 2723 228 2786 Nepos
240 2723 293 2772 and
307 2723 338 2774 L.
353 2722 516 2786 Calpurnius
533 2723 597 2772 Bes·
622 2721 757 2786 ‘victory‚’
772 2722 825 2771 and
843 2723 864 2771 is
880 2721 965 2784 styied
983 2723 1132 2772 communis

83 2801 134 2850 tia:
162 2814 206 2849 see
228 2814 253 2862 p.
277 2799 317 2862 39,
341 2798 411 2856 §oa
447 2798 595 2848 extremts
619 2812 648 2848 as
660 2799 740 2862 being
751 2799 865 2848 neutral.

84 2875 203 2933 diebus,
232 2876 346 2925 because
380 2875 498 2925 Cicero's
527 2879 596 2924 term
650 2875 696 2932 15,
706 2874 752 2924 16.
769 2875 907 2937 Longum
920 2878 982 2924 est:
999 2875 1042 2925 for
1051 2876 1130 2926 meod

83 2951 268 3015 expiredDeo.
282 2952 348 3001 31st.
619 2951 653 3000 ci.
678 2950 744 3001 Sull.
769 2951 814 3000 80.
838 2953 865 3013 53
891 2951 912 3000 1.
937 2951 982 2999 12.
1005 2952 1044 3000 26.
1088 2950 1130 2999 M.

116 3027 129 3088 §
140 3029 177 3075 12.
197 3025 221 3074 5.
229 3025 271 3074 M.
282 3023 415 3075 catone:
426 3026 469 3075 ior
478 3025 595 3076 Glcero’s
619 3028 729 3082 Petrei,
740 3042 756 3076 a
768 3028 861 3090 stur-dy
871 3027 913 3076 oid
927 3027 1032 3088 soldier,
1044 3028 1073 3077 oi
1085 3028 1132 3077 the

83 3104 195 3166 opinion
207 3102 237 3152 of
253 3102 311 3150 him
326 3116 370 3152 see
386 3102 435 3164 Ep.
450 3102 500 3152 IV.
514 3101 540 3150 7.
552 3103 595 3164 81;
619 3109 681 3166 type
689 3103 718 3153 ol
728 3104 872 3165 Labienus,
884 3105 944 3154 who
953 3105 1130 3154 commanded

83 3182 118 3230 he
141 3180 196 3229 had
223 3179 300 3228 stood
322 3179 366 3228 for
388 3179 435 3228 the
458 3179 595 3228 tribunate
620 3181 704 3229 intlre
713 3180 775 3230 final
786 3181 871 3229 battle
881 3180 1017 3243 (reuma)
1026 3181 1132 3242 against

82 3257 149 3306 with
167 3258 214 3306 the
231 3256 341 3306 avowed
363 3269 479 3318 purpose
500 3256 529 3305 of
550 3270 596 3318 op-
619 3255 746 3317 Catilina,
766 3257 843 3305 when
863 3257 1001 3306 Antonius
1020 3271 1083 3316 was,
1101 3271 1132 3306 or

82 3333 180 3396 posing
191 3332 282 3382 Bestia
294 3332 347 3382 and
359 3333 459 3395 Nepos.
618 3333 763 3395 pretended
772 3338 800 3381 to
808 3333 849 3392 be,
859 3334 928 3382 unfit
936 3333 1061 3395 iordnty.
1081 3333 1131 3383 See

114 3407 217 3457 10-14.
242 3406 273 3457 c.
311 3408 493 3465 Antonium,
529 3409 593 3458 then
618 3410 683 3460 lixo.
697 3409 747 3460 IV.
762 3408 807 3458 59.
819 3411 879 3471 4-63
897 3409 942 3459 60.
957 3413 969 3459 1
982 3411 1035 3459 and
1048 3411 1071 3459 5.

82 3486 175 3548 facing
191 3483 310 3535 Catilina
329 3486 358 3534 in
377 3485 495 3546 Etruria,
508 3499 534 3548 p.
552 3486 592 3547 32,
648 3485 802 3543 1⁷,1ein
822 3498 855 3534 re
874 3486 1016 3548 publiea:
1037 3501 1072 3536 sc.
1087 3499 1131 3547 pe-

82 3561 148 3624 §53.
183 3561 369 3622 praedicem,
382 3560 593 3610 excitarit:
617 3564 712 3623 reoda,
733 3563 777 3611 ‘in
795 3562 1041 3612 administrationz’
1064 3562 1130 3612 used

82 3637 192 3701 explain
225 3638 272 3687 the
299 3639 389 3688 mood.
432 3638 594 3687 consulem
617 3640 647 3688 oi
663 3653 718 3689 war
734 3653 763 3688 as
781 3639 839 3688 well
856 3653 886 3688 as
902 3639 932 3688 of
948 3639 1010 3688 civil
1028 3639 1128 3701 affairs,

82 3718 245 3776 quaestor:
275 3715 318 3765 for
344 3715 463 3777 position
486 3715 520 3764 cf.
549 3729 594 3765 cos
617 3717 670 3765 and
684 3715 818 3765 therefore
831 3721 880 3766 not
896 3716 1050 3765 contrasted
1064 3716 1130 3764 with

82 3792 168 3853 nobie,
186 3792 235 3854 52.
250 3791 290 3842 20.
324 3795 443 3841 tamen:
467 3791 555 3840 where
572 3793 594 3841 is
617 3806 647 3841 re
658 3792 781 3841 militari.
803 3791 971 3848 extitisset
982 3791 1130 3842 ‘hadbeen

82 3868 321 3921 thsooncession?
352 3879 595 3919 communem
618 3867 774 3935 displayed!
