2924 4372
242 330 305 400 150
561 346 632 401 rao
655 345 685 400 n.
710 345 869 402 nunnus
892 346 1038 403 enarro.

254 536 352 587 tucn
391 531 489 601 esset,
521 532 631 589 tamen
664 525 716 590 vel
751 524 898 612 dignitas
933 527 1076 592 hominis
1116 529 1170 594 vel
1200 529 1337 596 honoris

291 628 374 704 eius,
418 649 519 712 quem
560 627 701 712 adeptus,
741 637 803 705 est,
838 612 1026 720 ainplitudo
1067 653 1216 698 summae
1255 634 1337 699 mihi

291 731 464 816 superbiae
502 732 783 818 crudelitatisque
816 718 938 820 faihain
960 736 1147 813 inussisset,
1179 739 1207 802 si
1235 739 1338 803 homi-

291 837 343 899 nis
379 845 414 900 et
450 839 520 901 suis
559 844 594 901 et
628 837 743 921 populi
780 806 922 924 Romani=
965 842 1167 940 ornamentis
1206 844 1338 928 amplis·

290 941 366 1003 simi
389 962 522 1004 causam
546 942 632 1005 tanti
655 941 796 1039 periculi
819 936 1057 1035 repudiassem.
1104 944 1223 1029 Neque
1246 948 1336 1010 enim

241 1059 269 1126 ro
292 1045 355 1108 iam
371 1044 461 1126 ,mihi
485 1045 564 1108 lieet
588 1065 696 1128 neque
721 1053 779 1132 est
788 1046 967 1134 intqgrum,
992 1055 1032 1111 ut
1055 1069 1165 1111 meum
1189 1048 1336 1114 laborem

291 1148 463 1211 hominum
488 1147 645 1232 perieulis
671 1149 886 1214 sublevandis
912 1171 980 1213 non
1004 1151 1201 1236 impertiam.
1248 1153 1335 1217 Nam

291 1274 367 1316 eum
393 1253 539 1336 praemia
564 1252 644 1315 mihi
672 1249 767 1317 tanta
792 1275 851 1338 pro
877 1253 937 1318 hac
966 1253 1132 1320 industria
1154 1257 1223 1320 sint
1246 1256 1334 1335 data,

287 1363 414 1440 quanta
438 1364 536 1421 antea
564 1357 699 1434 nemini,
735 1381 781 1435 ea,
808 1379 886 1422 cum
909 1357 1051 1442 adeptus
1075 1361 1130 1435 sis,
1156 1359 1333 1444 deponere,

253 1464 272 1526 9
289 1467 376 1525 esset
387 1460 530 1524 hominis
541 1468 575 1525 et
586 1462 690 1525 astuti
702 1469 737 1526 et
752 1461 885 1546 ingrati.
932 1461 1062 1540 Quodsi
1075 1463 1156 1528 licet
1171 1464 1333 1542 desinere,

184 1626 189 1639 ,
239 1581 266 1625 15
289 1566 318 1629 si
335 1572 367 1629 te
383 1573 519 1629 auctore
538 1587 684 1649 possum,
701 1566 730 1629 si
753 1564 847 1628 nulla
865 1567 1019 1642 inertiae,
1038 1568 1132 1630 nulla
1147 1569 1332 1652 superbiae,

290 1669 384 1732 nulla
400 1669 655 1733 inhumanitatis
672 1670 771 1754 culpa
791 1670 983 1753 suscipitur,
1001 1693 1063 1756 ego
1087 1694 1165 1735 vero
1189 1672 1333 1738 libenter

289 1771 415 1836 desino.
461 1771 520 1836 Sin
547 1781 661 1837 autem
693 1771 776 1859 fuga
798 1772 918 1837 laboris
949 1773 1121 1850 desidiam,
1146 1775 1334 1859 repudiatio

288 1877 478 1961 supplicum
495 1876 693 1960 superbiam,
707 1878 887 1941 amicorum
903 1878 1069 1964 neglectio
1086 1879 1334 1963 improbitatem

289 1981 449 2066 coarguit,
466 1981 624 2043 nimirum
641 1980 721 2045 haec
737 2002 838 2046 causa
860 1989 913 2046 est
935 1983 1006 2046 eius
1031 1982 1130 2059 modi,
1148 2005 1248 2068 quam
1271 2007 1333 2050 nec

237 2099 267 2144 ao
288 2083 473 2148 industrius
496 2085 675 2171 quisquam
706 2107 767 2150 nec
792 2086 975 2150 misericors
1007 2109 1067 2151 nec
1091 2086 1257 2154 officiosus
1281 2088 1335 2154 de-

287 2209 394 2254 serere
424 2190 538 2273 possit.
585 2189 700 2274 Atque
724 2189 862 2254 huiusce
885 2191 932 2254 rei
959 2191 1183 2256 coniecturam
1208 2191 1248 2257 de
1273 2201 1333 2257 tuo

288 2293 391 2378 ipsius
416 2294 538 2370 studio,
571 2294 676 2371 Servi,
712 2293 869 2358 facillime
901 2295 1038 2378 ceperis.
1095 2294 1181 2359 Nam
1211 2297 1240 2360 si
1271 2297 1332 2362 tibi

287 2420 421 2464 necesse
445 2408 543 2484 putas
571 2401 671 2464 etiam
697 2397 894 2463 adversariis
922 2399 1104 2462 amicorum
1131 2406 1266 2464 tuorum
1291 2400 1332 2466 de

287 2503 358 2566 iure
374 2484 626 2568 consulentibus
644 2501 853 2588 respondere,
870 2509 905 2565 et
926 2503 954 2565 si
979 2508 1078 2586 turpe
1102 2504 1274 2568 existimas
1297 2513 1331 2570 te

235 2622 264 2666 aa
286 2606 449 2672 advocato
486 2608 583 2671 illum
618 2609 738 2692 ipsum,
771 2627 872 2691 quem
903 2612 1020 2670 contra
1058 2608 1199 2684 veneris,
1232 2630 1332 2673 causa

286 2711 413 2788 cadere,
437 2712 505 2776 noli
529 2720 597 2777 tam
622 2734 692 2777 esse
718 2711 875 2785 iniustus
893 2718 941 2786 ut,
969 2733 1046 2775 cum
1072 2713 1123 2775 tui
1147 2711 1259 2777 fontes
1276 2713 1332 2778 vel

283 2885 311 2932 ei
334 2897 429 2934 cauea
450 2884 494 2934 ‘Il
517 2886 572 2935 this
595 2882 660 2946 (i.e.,
682 2898 728 2946 my
750 2882 792 2932 oid
815 2881 905 2944 peris,
924 2883 1013 2932 ‘draw
1035 2897 1070 2932 au
1093 2884 1249 2944 inferenee,'
1270 2884 1331 2948 ‘get

283 2962 435 3024 friendship
446 2961 511 3012 with
524 2960 648 3022 Murena)
661 2974 728 3010 were
745 2965 794 3008 not
816 2973 850 3008 an
863 2959 941 3008 idea.’
977 2959 1097 3014 studio:
1117 2959 1304 3022 ‘professiom'

284 3040 331 3088 the
350 3052 429 3088 cause
449 3036 515 3101 (te,
536 3038 565 3087 oi
584 3051 629 3099 my
648 3037 795 3100 defending
848 3038 949 3088 24-26.
966 3039 1161 3099 respondere.
1184 3053 1200 3088 a
1228 3041 1332 3090 techni-

284 3114 373 3176 lrirn).'
816 3115 857 3164 eal
865 3116 938 3164 word
948 3116 1013 3165 used
1022 3117 1052 3164 of
1061 3116 1258 3177 jurisconsults,
1269 3119 1331 3169 who

316 3191 396 3240 7-10.
423 3191 543 3247 lamam.
572 3191 600 3239 in
629 3190 680 3240 bad
706 3201 795 3239 sense:
817 3205 883 3254 gave
896 3189 975 3254 (free)
986 3192 1078 3242 advice
1089 3207 1124 3241 ou
1138 3193 1229 3254 points
1238 3195 1267 3244 of
1279 3193 1331 3244 lew

284 3268 326 3317 for
337 3269 384 3317 the
395 3269 545 3330 metaphor,
559 3281 602 3317 see
614 3282 649 3317 on
663 3267 696 3327 1.‚
709 3266 755 3315 1³.
769 3268 792 3315 5.
816 3274 845 3317 to
863 3267 899 3317 all
916 3269 977 3316 who
994 3268 1134 3318 consulted
1153 3270 1236 3321 them.
1271 3271 1332 3320 Ser·

283 3344 442 3405 integrum,
454 3344 540 3406 ‘open
550 3349 578 3392 to
588 3343 650 3404 me,’
663 3343 713 3392 ‘an
725 3357 795 3406 open
818 3345 876 3394 vius
888 3359 973 3395 seems
986 3351 1014 3394 to
1025 3346 1095 3396 have
1109 3346 1187 3396 luade
1198 3347 1218 3395 it
1227 3361 1243 3396 a
1253 3348 1330 3409 point

283 3421 426 3482 question'
817 3422 846 3470 oi
868 3422 955 3470 honor
974 3427 1003 3471 to
1025 3429 1076 3485 put
1098 3423 1141 3472 his
1163 3429 1238 3484 great
1260 3422 1329 3485 legal

315 3498 361 3555 12,
380 3497 425 3545 1³.
442 3498 579 3559 praemia
606 3499 701 3553 tanta,
729 3503 795 3558 etc.;
817 3497 939 3562 learning
961 3503 990 3548 at
1012 3500 1059 3548 the
1081 3500 1182 3549 service
1204 3500 1233 3548 oi
1261 3512 1330 3548 even

284 3589 309 3636 p.
321 3575 359 3636 17,
371 3573 383 3630 i
395 3576 432 3623 12.
468 3577 583 3635 quanta
595 3577 687 3622 antea
701 3573 795 3621 nemi·
817 3575 894 3624 those
907 3576 976 3637 who,
989 3576 1024 3625 he
1040 3576 1129 3636 knew,
1144 3575 1232 3625 would
1250 3576 1331 3624 ussit

283 3652 322 3698 ni.
355 3666 380 3714 p.
394 3652 434 3711 26,
452 3648 620 3710 l3i,adfin.
661 3649 794 3712 adeptus
816 3651 922 3714 against
944 3651 1002 3700 him
1026 3653 1054 3700 in
1082 3665 1155 3701 some
1183 3651 1331 3713 particular

283 3727 340 3775 sis:
357 3741 393 3776 sc.
408 3729 474 3777 haec
493 3730 573 3777 tantu
589 3729 735 3789 praemta;
752 3727 795 3776 for
816 3741 876 3776 case
894 3728 921 3776 iu
935 3728 1022 3777 which
1040 3729 1104 3790 they
1122 3727 1210 3777 would
1228 3741 1330 3790 oppose

284 3804 420 3864 mood,ci.
435 3803 643 3865 acoemeti.
657 3805 696 3854 31.
815 3803 880 3854 him.
927 3800 1023 3852 causa
1045 3803 1165 3860 cadere,
1189 3803 1239 3854 ‘be
1262 3818 1331 3854 uon·

299 3877 364 3942 ‚iit
382 3879 492 3940 21,.22.
509 3880 723 3931 coniecturam
745 3892 794 3930 ce·
814 3879 932 3944 suited3’
960 3881 1014 3943 i.e.,
1035 3881 1105 3931 haye
1128 3880 1171 3930 his
1193 3893 1254 3932 csse
1276 3881 1330 3933 dir·
