2876 4378
465 311 545 368 cir.
569 311 657 377 nis,
683 309 696 378 s
719 309 807 368 rara
1136 290 1200 365 599

98 499 259 556 extruere
275 489 462 555 aedificium
478 491 511 552 in
528 490 647 564 alien0,
665 489 723 573 qui
740 487 818 552 huic
843 487 882 550 T.
901 485 1073 563 Furfanio,
1090 488 1144 551 cui
1162 491 1199 552 75

98 596 186 671 viro,
214 595 249 658 di
271 592 493 658 immortales!
530 592 634 678 (quid
664 593 753 660 enim
784 613 847 677 ego
878 590 919 656 de
947 591 1145 655 muliercula

98 697 248 776 Scantia,
265 698 405 783 quidde
422 698 634 762 adulescente
652 696 690 760 P.
705 696 831 780 Apinio
848 695 982 759 dicam?
1004 716 1147 779 quorum
1171 711 1199 754 ta

99 805 238 888 utrique
264 811 404 868 mortem
431 810 482 866 est
507 802 693 877 minitatus,
719 800 784 864 nisi
807 800 870 864 sibi
886 799 1059 864 hortorum
1076 820 1148 883 pos-

97 908 247 972 sessione
278 907 476 989 cessissent)
491 905 604 970 -sed
635 925 755 969 ausum
792 925 864 969 esse
903 903 942 966 T.
983 901 1144 966 Furfanio

98 1011 222 1088 dicere,
253 1013 282 1075 si
311 1011 389 1075 sibi·
405 1011 591 1096 pecuniam,
631 1017 792 1094 quautam
829 1015 1037 1092 poposcerat,
1078 1028 1145 1070 non

99 1115 259 1192 dedisset,
281 1124 451 1180 mortuum
474 1137 509 1180 se
532 1115 568 1177 in
593 1113 730 1180 domum
752 1113 825 1178 eius
856 1113 1050 1186 inlaturum,
1079 1133 1146 1195 qua

98 1219 229 1287 invidia
243 1219 322 1284 huic
338 1228 428 1284 esset
443 1219 503 1283 tali
515 1219 586 1284 viro
599 1215 872 1303 conflagrandum
887 1240 895 1291 ;
920 1216 979 1300 qui
997 1216 1148 1300 Appium
1169 1231 1200 1278 50

98 1323 248 1400 fratrem,
279 1323 446 1388 hominem
477 1322 558 1386 mihi
589 1323 807 1386 coniunctum
837 1319 997 1386 fidissima
1027 1320 1145 1409 gratia,

98 1427 272 1492 absentem
287 1426 328 1490 de
344 1427 551 1510 possessione
571 1425 670 1489 fundi
686 1424 817 1500 deiecit,
834 1425 893 1508 qui
910 1424 1071 1512 parietem
1094 1423 1142 1487 sic

98 1554 159 1617 per
174 1531 379 1597 vestibulum
395 1532 516 1596 sororis
534 1531 684 1596 instituit
700 1529 831 1605 ducere,
848 1529 897 1594 sic
913 1549 1011 1614 agere
1027 1526 1162 1591 funda-¹

98 1644 222 1713 menta,
247 1643 287 1700 ut
308 1656 455 1700 sororem
477 1657 545 1699 non
572 1633 669 1698 modo
698 1633 866 1698 vestibulo
897 1633 1054 1718 privaret,
1085 1631 1145 1696 sed

98 1742 191 1805 omni
207 1739 304 1804 aditu
319 1748 355 1804 et
370 1739 506 1804 limine’
1168 1751 1198 1796 to

142 1861 278 1908 xxvm.
320 1843 535 1928 Quamquam
566 1842 645 1906 haec
685 1840 822 1925 quidem
852 1842 916 1906 iam
955 1839 1142 1910 tolerabilia
1158 1844 1197 1906 76

98 1947 310 2025 videbantur,
321 1948 385 2013 etsi
395 1946 614 2032 aequabiliter
624 1947 658 2008 in
672 1966 741 2011 rem
752 1945 931 2030 publicam,
940 1945 975 2008 in
985 1945 1143 2030 privatos,

98 2053 133 2115 in
150 2052 363 2139 longinquos,
380 2053 416 2114 in
439 2051 654 2137 propinquos,
672 2050 707 2113 in
730 2050 867 2126 alienos
884 2050 919 2113 iu
942 2070 1020 2114 suos
1043 2049 1145 2114 irrue·

98 2156 176 2236 bat3
200 2156 261 2221 sed
286 2157 398 2221 nescio
421 2177 488 2240 quo
512 2154 611 2218 modo
634 2155 700 2218 iam
717 2176 781 2220 usu
797 2153 1003 2219 obduruerat
1025 2161 1061 2218 et
1075 2176 1145 2238 per-

99 2261 263 2326 calluerat
299 2262 446 2326 civitatis
485 2259 689 2325 incredibilis
720 2260 893 2344 patientia.
927 2259 1035 2339 ,Quae
1066 2274 1183 2326 veros

98 2364 238 2431 aderant
252 2366 318 2430 iam
334 2373 369 2431 et
380 2363 625 2449 impendebant,
639 2384 785 2449 quonam
801 2364 899 2430 modo
912 2387 951 2430 ea
962 2373 1022 2429 aut
1034 2364 1144 2449 depel-

131 2537 196 2599 575.
226 2537 327 2587 43-50.
360 2535 433 2586 huie
452 2537 540 2586 shows
559 2535 607 2598 (ci.
664 2535 710 2594 53,
731 2536 776 2585 54.
818 2537 1018 2594 vestibulum,
1043 2537 1146 2587 ‘court-

99 2614 116 2664 l.
133 2613 176 2674 33)
197 2615 257 2663 that
277 2613 423 2664 Furfanius
441 2627 496 2664 was
514 2627 566 2663 one
583 2613 612 2662 oi
632 2612 717 2676 yard,'
732 2614 778 2664 the
796 2625 866 2676 open
886 2629 965 2676 space
983 2615 1011 2662 in
1029 2614 1103 2663 iront
1117 2614 1146 2663 of

99 2691 146 2740 the
157 2691 253 2753 jurors.
289 2689 365 2752 quid
382 2690 480 2739 enim:
502 2691 546 2741 for
565 2690 612 2739 the
633 2690 680 2740 the
701 2690 794 2740 house.
835 2691 959 2748 sororis,
982 2690 1025 2740 his
1047 2689 1145 2740 second

99 2767 200 2830 ellipsis
221 2767 287 2816 with
308 2769 379 2817 enim
401 2767 436 2816 ci·
456 2767 523 2818 Sest.
546 2765 612 2815 110.
633 2767 719 2828 sister,
747 2767 903 2817 mentioned
928 2768 977 2829 Ep.
1005 2767 1039 2818 V.
1059 2765 1084 2814 3.
1104 2767 1143 2827 18,

101 2843 138 2894 18.
174 2842 294 2904 utrique
312 2845 458 2891 mortem:
478 2843 522 2894 for
538 2857 612 2893 cases
634 2843 695 2893 who
703 2857 758 2893 was
766 2844 885 2894 believed
896 2849 925 2894 to
934 2843 1003 2893 have
1015 2841 1143 2905 poisoned

100 2933 143 2969 see
167 2933 203 2968 on
227 2919 264 2968 ΙΙ.
289 2918 315 2968 1.
344 2919 367 2970 3.
416 2920 473 2969 sed
503 2931 612 2968 ausum
633 2919 682 2969 her
692 2920 825 2982 husband,
840 2920 965 2970 Metellus
981 2918 1070 2970 Geler:
1100 2932 1145 2969 see

101 3006 183 3044 esse:
199 2996 243 3045 ior
260 2997 308 3046 sed
326 3009 369 3046 see
381 3011 417 3049 on
432 2996 486 3046 III.
501 2995 526 3044 3.
538 2998 566 3058 4;
584 2995 612 3044 in
634 3010 670 3045 on
681 2995 748 3046 Sest.
762 2996 827 3045 1³1.
841 2998 880 3047 26.

102 3085 197 3120 casum
226 3085 282 3121 eoae
311 3073 386 3122 there
408 3073 431 3122 is
454 3076 489 3121 an
516 3087 612 3122 cneco

101 3147 206 3208 luthon‚
224 3162 254 3197 as
274 3149 320 3198 the
339 3149 444 3212 subject
462 3149 520 3211 qui,
537 3148 554 3198 l.
570 3149 610 3210 43,
667 3147 715 3212 (ΙΙ.
730 3148 796 3212 (ct)
814 3151 837 3200 2.
858 3149 968 3200 Clodius
1001 3149 1053 3199 had
1085 3163 1145 3212 pro·

102 3225 123 3273 is
134 3237 206 3274 nom.
233 3225 374 3274 Translate
386 3239 416 3274 as
428 3225 450 3274 if
466 3239 549 3275 ansus
562 3227 610 3287 est,
633 3226 700 3288 jects
728 3227 771 3275 ior
796 3227 843 3276 the
865 3227 957 3276 future
981 3241 1047 3276 even
1070 3239 1144 3275 more

102 3301 153 3350 and
160 3301 221 3364 give
227 3301 330 3364 princp.
350 3307 431 3366 parts.
448 3305 612 3358 mortuum,
634 3301 812 3363 abominable,
822 3302 952 3352 butthese
961 3308 990 3352 to
1002 3303 1048 3351 the
1059 3302 1105 3364 joy
1114 3301 1143 3351 of

104 3378 250 3440 ‘acorpse,'
265 3383 294 3428 to
307 3378 415 3428 involve
426 3379 571 3428 Furianius
584 3379 611 3426 in
633 3378 669 3426 all
680 3378 747 3427 Milo
759 3379 965 3445 hasprevented
978 3377 1020 3440 (ἓξ
1036 3378 1075 3430 76.
1090 3378 1141 3435 vv).
1178 3421 1179 3424 ,

102 3455 236 3517 suspicion
244 3455 274 3504 of
285 3456 402 3506 murder.
427 3468 488 3517 qua
494 3455 613 3504 invidia
633 3454 702 3504 Now
713 3459 742 3503 at
758 3454 850 3516 length
865 3455 933 3518 good
950 3455 1029 3504 order
1043 3469 1093 3503 can
1111 3454 1144 3503 be
1233 3474 1240 3484 ·

106 3554 129 3579 =
139 3532 216 3581 cuius
236 3533 277 3582 rei
297 3533 421 3582 invidia:
439 3546 482 3582 see
495 3546 530 3582 on
544 3531 610 3582 Sull.
634 3531 751 3581 restored
765 3529 793 3592 (ᾗ
805 3529 855 3593 78),
867 3532 921 3580 and
934 3545 970 3580 no
982 3545 1034 3581 one
1047 3531 1143 3580 wishes

102 3606 145 3655 11.
168 3609 206 3657 11.
231 3609 377 3669 Appium,
395 3607 480 3658 eldest
503 3609 612 3658 brother
633 3613 662 3656 to
674 3607 725 3657 eall
737 3622 774 3670 up
785 3607 895 3658 Clodius
908 3613 937 3658 to
950 3608 997 3657 iiie
1010 3607 1035 3670 (ᾖ
1048 3607 1098 3670 ia).

103 3685 130 3732 oi
147 3683 264 3746 Clodius,
278 3684 371 3735 consul
386 3685 415 3734 in
426 3685 466 3744 54,
480 3685 542 3735 who
558 3685 611 3734 had
666 3685 680 3746 ξ
703 3685 741 3737 76.
770 3683 795 3733 6.
824 3685 962 3742 aderant,
986 3684 1144 3746 impende·

104 3761 177 3810 made
188 3761 291 3810 friends
299 3761 367 3812 with
376 3761 469 3811 Cicero
480 3762 554 3812 since
565 3762 613 3812 the
633 3761 724 3810 bant:
742 3762 868 3824 hysteron
878 3767 1016 3825 proteron:
1028 3762 1063 3811 ci.
1073 3762 1142 3814 Sest.

6 3867 8 3872 .
103 3836 179 3888 latter
189 3836 323 3890 delivered
335 3837 402 3890 Sest.
416 3835 502 3904 §1261
633 3837 699 3888 1³7.
712 3837 755 3890 17:
772 3838 823 3889 IV.
836 3839 881 3890 21.
897 3839 934 3894 14.
