2876 4378
238 297 302 364 592
502 315 573 364 ruo
597 315 627 364 r.
651 314 770 364 annio
794 287 940 365 auteur
964 314 1112 364 nmmo.

237 495 266 542 ³5
288 484 392 549 Multi
422 486 523 550 etiam
556 484 737 549 Catilinam
768 492 868 568 atque
900 485 959 548 illa
981 491 1137 568 portenta
1159 484 1349 568 loqueban-

289 597 369 654 tur:
415 588 612 673 ‘Erumpet
652 588 829 672 occupabit
867 589 1013 673 aliquem
1056 589 1179 664 locum,
1212 588 1346 652 bellum

288 694 415 778 patriae
445 691 567 756 faciet!
629 693 771 756 Miseros
803 692 984 782 interdum
1004 693 1094 757 cives
1134 693 1258 776 optime
1297 693 1345 758 de

289 820 322 862 re
354 796 488 882 publiea
512 799 657 873 meritoS,
682 799 716 860 in
748 797 871 881 quibus
896 797 1046 860 homines
1072 785 1139 860 non
1163 796 1262 860 modo
1286 820 1345 862 res

290 900 567 984 praeclarissimas
591 900 847 976 obliviscuntur,
866 899 925 964 sed
949 901 1047 964 etiam
1066 898 1209 963 nefarias
1233 903 1345 985 suspi-

147 1039 156 1050 =·
236 1021 266 1065 40
288 1004 424 1068 canturi
471 1004 562 1090 Ergo
587 1005 644 1068 illa
673 1003 757 1068 falsa
780 1005 930 1080 fuerunt,
956 1025 1040 1088 quae
1065 1011 1153 1068 certe
1181 1026 1261 1069 vera
1284 1027 1344 1069 ex-

289 1110 447 1183 titissent,
475 1110 504 1172 si
535 1109 620 1172 Milo
643 1107 833 1173 admisisset
855 1106 995 1192 aliquid,
1021 1106 1112 1192 quod
1135 1128 1202 1170 non
1225 1119 1346 1192 posset

289 1212 427 1277 honeste
445 1235 590 1296 vereque
607 1212 798 1277 defendere.
1012 1281 1017 1290 ,

236 1318 275 1381 64
329 1333 440 1380 XXIV,
466 1316 581 1396 Quid?
598 1339 683 1400 quae
699 1325 816 1401 postea
828 1323 910 1380 sunt
925 1317 960 1378 in
977 1337 1055 1380 eum
1069 1322 1238 1402 congesta,
1250 1335 1342 1398 quae

288 1421 441 1505 quemvis
484 1422 584 1485 etiam
624 1420 841 1485 mediocrium
888 1419 1086 1484 delictorum
1133 1419 1344 1483 conscientia

288 1526 519 1610 peremissent,
545 1533 584 1589 ut
613 1526 785 1601 sustinuit,
811 1524 844 1587 di
877 1523 1098 1588 immortales!
1145 1521 1342 1588 Sustinuit!

289 1630 389 1692 immo
413 1650 492 1692 vero
516 1637 556 1692 ut
579 1630 780 1713 contempsit
804 1651 841 1692 ae
868 1651 928 1714 pro
953 1628 1058 1692 nihilo
1082 1629 1226 1712 putavit,
1250 1647 1342 1710 quae

249 1749 264 1793 5
288 1754 396 1817 neque
417 1734 561 1796 maximo
585 1733 695 1796 animo
719 1754 842 1797 nocens
868 1755 976 1817 neque
1000 1734 1158 1797 innocens
1187 1732 1249 1794 nisi
1275 1729 1345 1793 for-

269 1838 437 1904 tissimus
469 1837 521 1900 vir
552 1838 729 1923 neglegere
760 1836 942 1922 potuisset!
992 1835 1182 1911 Seutorum,
1213 1834 1345 1920 gladio·

288 1963 372 2014 rum,
390 1939 560 2004 frenorum
584 1941 796 2025 pilorumque
814 1943 914 2006 etiam
931 1939 1114 2004 multitudo
1133 1937 1343 2023 deprehendi

288 2066 384 2128 posse
416 2043 651 2119 indicabatur3
691 2046 824 2108 nullum
862 2047 898 2108 in
936 2045 1016 2109 urbe
1050 2044 1172 2119 vicum,
1204 2043 1343 2106 nullum

288 2151 503 2234 angiportum
534 2171 605 2212 esse
644 2149 811 2226 dicebant,
844 2151 878 2213 in
911 2171 980 2234 quo
1011 2172 1079 2213 non
1112 2149 1232 2213 Miloni
1263 2170 1344 2213 eon·

237 2269 265 2313 10
286 2252 390 2316 dueta
413 2261 503 2316 esset
532 2252 672 2328 domus3
705 2275 795 2316 arma
825 2255 859 2317 in
884 2255 1000 2317 villam
1024 2253 1259 2318 Ocriculanam
1286 2253 1346 2318 de-

290 2364 386 2420 vecta
410 2355 532 2432 Tiberi,
550 2356 668 2420 domus
693 2359 727 2419 in
751 2357 838 2421 olivo
863 2356 1054 2441 Capitolino
1077 2358 1181 2422 scutis
1205 2356 1343 2434 referta,

289 2461 387 2544 plena
418 2461 528 2522 omnia
551 2461 782 2524 malleolorum
813 2461 855 2525 ad
879 2462 970 2526 urbis
994 2461 1150 2526 incendia
1173 2482 1344 2544 eompara-

288 2574 409 2640 torum,
434 2563 514 2627 haee
539 2586 606 2627 non
630 2564 741 2629 delata
765 2566 884 2642 solum,
901 2566 961 2630 sed
985 2586 1090 2650 paene
1115 2565 1250 2640 eredita,
1276 2587 1342 2629 nee

236 2671 273 2734 65
286 2676 363 2731 ante
388 2666 565 2751 repudiata
588 2677 669 2732 sunt
696 2691 795 2753 quam
824 2671 985 2754 quaesita.
1033 2668 1223 2733 Laudabam
1246 2671 1343 2753 equi-

236 2787 264 2832 15
287 2771 363 2835 dem
386 2758 615 2837 incredibilem
639 2771 849 2858 diligentiam
873 2773 935 2838 Cn.
961 2773 1110 2858 Pompei,
1135 2772 1193 2838 sed
1216 2772 1340 2848 dicam,

289 2883 329 2938 ut
344 2877 462 2949 sentio,
480 2875 618 2940 iudices.
665 2875 773 2942 Nimis
790 2879 898 2942 multa
913 2877 1028 2942 audire
1046 2884 1214 2963 eoguntur
1226 2897 1341 2960 neque

288 2979 387 3042 aliter
410 2977 519 3042 faeere
543 2988 686 3063 possunt
708 2981 742 3057 ii,
767 2980 891 3066 quibus
916 2988 988 3045 tota
1010 2980 1186 3045 commissa
1209 2987 1261 3043 est
1284 3002 1341 3044 res

288 3082 432 3167 publiea.
494 3082 587 3161 Quin
618 3085 720 3149 etiam
750 3084 819 3149 fuit
848 3085 1037 3150 audiendus
1068 3106 1155 3170 popa
1185 3083 1340 3148 Licinius

317 3241 418 3290 35-38.
444 3247 597 3305 portenta,
628 3245 795 3306 ‘monsters‚'
822 3246 889 3295 120.
906 3248 944 3307 15,
956 3247 1010 3296 and
1022 3247 1112 3296 notice
1124 3246 1171 3295 the
1188 3245 1338 3294 elriasmu‘e.

286 3318 429 3368 Catilina's
457 3321 610 3370 associates.
662 3321 797 3370 Miseros
822 3322 991 3372 multitudo
1013 3334 1109 3384 posse
1128 3320 1340 3378 indicabatur,

286 3395 386 3443 cives:
398 3396 509 3446 forcase
517 3397 551 3446 ef.
566 3397 634 3446 Sest.
648 3397 693 3445 27.
708 3400 734 3459 13
746 3395 795 3460 Ep.
824 3398 860 3447 ‘it
871 3413 926 3448 was
937 3399 1032 3448 hlnted
1043 3399 1106 3446 that
1117 3413 1133 3446 a
1142 3402 1201 3446 vast
1210 3397 1338 3458 number,

285 3471 364 3521 XXI.
378 3472 403 3519 1.
415 3473 439 3522 4.
474 3474 513 3530 in,
526 3488 555 3522 as
565 3474 670 3535 insse.
681 3476 705 3524 8.
822 3476 882 3525 ete’
918 3476 971 3524 For
981 3476 1029 3524 the
1041 3481 1124 3524 trans.
1138 3489 1182 3524 see
1199 3487 1233 3524 on
1251 3473 1275 3522 1.
1289 3473 1340 3522 1⁵.

821 3553 860 3601 33.
896 3565 995 3602 arma:
1023 3553 1107 3602 ease?
1146 3549 1264 3600 ¹liberi:
1294 3550 1343 3599 for

318 3625 382 3686 §64
402 3625 482 3674 3-11.
500 3630 542 3683 ut,
566 3641 595 3676 as
619 3629 645 3675 in
664 3628 732 3677 Sest.
752 3627 797 3676 26.
822 3629 868 3677 the
880 3642 941 3678 ease
953 3630 988 3680 ef.
1003 3629 1104 3691 Arare,
1120 3627 1196 3678 Caes.
1215 3625 1237 3674 I.
1251 3625 1299 3674 16.
1310 3627 1338 3676 3.

284 3701 323 3750 25.
374 3701 469 3751 immo
497 3715 589 3753 vero:
623 3704 685 3753 how
707 3705 799 3753 used?
853 3705 918 3762 §dd
942 3705 988 3754 18.
1018 3703 1099 3764 Quin
1127 3704 1228 3760 etiam,
1257 3701 1341 3765 ‘why

283 3777 421 3828 maximo
444 3779 555 3836 animo,
585 3780 714 3841 precisely
739 3795 798 3843 par·
821 3781 908 3831 even’
943 3794 1033 3843 popa,
1051 3795 1086 3830 an
1106 3781 1219 3830 inferior
1240 3779 1339 3841 prust,

283 3853 346 3908 allel
369 3855 436 3908 With
451 3855 641 3919 fortissimos.-
667 3857 702 3914 οἱ.
727 3858 795 3914 Seet.
821 3858 916 3924 hardly
929 3873 1002 3920 mute
1018 3859 1085 3919 trau
1104 3872 1119 3912 a
1136 3856 1260 3917 buteher,
1275 3856 1343 3914 who
