2924 4372
524 343 605 398 car.
629 345 686 410 ar,
710 347 725 410 r
747 345 803 396 os.
1154 331 1219 402 149

122 518 197 588 bere
221 515 371 584 arbitros.
419 514 503 584 Nam
534 539 617 584 cum
633 540 736 605 grave
767 525 820 583 est
842 539 920 584 vere
950 520 1100 584 accusari
1131 521 1167 584 in
1190 536 1220 582 ao

120 626 276 700 amicitia,
301 633 384 699 tum,
407 625 507 690 etiam
528 623 556 686 si
581 622 667 686 falso
687 624 863 698 accuseris,
888 644 955 687 non
979 631 1033 688 est
1058 625 1169 711 negle-

119 729 279 816 gendum.
342 729 424 815 Ego,
454 727 525 794 Ser.
565 725 703 812 Sulpici,
743 749 795 792 me
834 728 868 792 in
907 729 1070 813 petitione
1109 735 1168 794 tua

120 834 181 899 tibi
218 835 330 897 omnia
358 831 471 897 studia
508 839 611 917 atque
650 830 757 898 officia
788 853 848 916 pro
885 839 998 898 nostra
1029 833 1170 898 necessi-

120 935 238 1001 tudine
268 943 304 1001 et
334 934 487 1002 debuisse
519 935 681 1000 confiteor
711 943 746 1000 et
776 937 983 1020 praestitisse
1014 935 1166 1002 arbitror.

120 1040 215 1104 Nihil
253 1040 314 1106 tibi
351 1040 565 1106 corisulatum
602 1041 731 1125 petenti
769 1061 788 1104 a
818 1061 869 1105 me
908 1039 1028 1116 deluit,
1062 1040 1155 1126 quod
1190 1057 1220 1104 so

120 1153 209 1210 esset
238 1151 299 1210 aut
333 1143 375 1209 ab
410 1145 516 1208 amico
553 1152 615 1208 aut
644 1165 664 1208 a
700 1145 847 1231 gratioso
884 1152 945 1209 aut
982 1167 1002 1208 a
1031 1146 1168 1212 consule

120 1247 370 1334 postulandum.
416 1246 514 1312 Abiit
541 1247 626 1313 illud
654 1255 808 1332 tompus;
840 1256 970 1314 mutata
998 1249 1082 1313 ratio
1105 1257 1166 1314 est.

120 1353 175 1418 Sic
198 1354 365 1428 existimo,
389 1353 438 1418 sio
461 1351 543 1416 mihi
573 1351 767 1436 persuadeo,
792 1373 844 1416 me
877 1351 936 1416 tibi
968 1358 1084 1417 contra
1114 1351 1169 1417 ho-

120 1479 234 1524 norem
259 1457 294 1524 L.
315 1457 485 1534 Murenae,
503 1464 667 1542 quantum
692 1465 730 1521 tu
754 1479 773 1520 a
796 1479 848 1522 me
873 1457 1041 1541 postulare
1066 1478 1168 1522 ausus

119 1563 176 1640 sis,
215 1569 361 1628 tantum
384 1560 548 1636 debuisse,
586 1569 703 1626 contra
739 1561 884 1626 salutem
922 1560 1006 1624 nihil
1038 1559 1167 1628 debere.
1190 1577 1220 1624 so
1276 1642 1282 1655 1

120 1666 242 1751 Neque
278 1666 378 1742 enim,
408 1666 438 1730 si
468 1663 531 1730 tibi
563 1672 646 1742 tum,
678 1686 754 1729 cum
787 1671 915 1749 peteres
946 1664 1169 1742 consulatum,
1199 1667 1220 1730 8

120 1769 226 1846 adfui,
265 1791 355 1834 nunc
397 1789 475 1834 cum
519 1768 697 1834 Murenam
739 1769 848 1853 ipsum
891 1775 996 1852 petas,
1035 1766 1170 1834 adiutor

120 1875 238 1940 eodem
260 1883 358 1959 pacto
380 1895 451 1939 esse
475 1871 590 1938 debeo.
640 1873 754 1957 Atque
786 1873 847 1938 hoo
871 1894 938 1936 non
971 1870 1069 1936 modo
1101 1872 1169 1937 lau·

120 1980 203 2057 dari,
227 1979 287 2046 sed
316 2001 359 2044 ne
389 1977 527 2044 concedi
558 1978 695 2063 quidem
727 1985 847 2062 potest,
879 1986 919 2043 ut
948 1976 1063 2042 amicis
1096 1998 1169 2042 nos·

122 2086 183 2151 tris
207 2083 441 2150 accusantibus
466 2104 533 2147 non
564 2083 664 2147 etiam
687 2082 906 2148 alienissimos
938 2079 1167 2146 defendamus.
1189 2097 1220 2144 so

121 2208 171 2254 1v.
211 2189 297 2254 Mihi
333 2197 447 2254 autem
483 2209 561 2252 cum
601 2187 753 2262 Murena,
793 2186 930 2264 iudices,
969 2193 1006 2252 et
1047 2206 1168 2272 magna

120 2303 160 2360 et
186 2302 284 2359 vetus
322 2292 468 2358 amicitia
504 2299 566 2367 est,
600 2313 686 2376 quae
724 2293 759 2356 in
796 2291 915 2376 capitis
953 2289 1166 2356 dimicatione

120 2422 141 2464 a
171 2398 241 2464 Ser.
263 2397 413 2484 Sulpicio
435 2418 501 2461 non
524 2395 647 2460 idcirco
671 2396 840 2472 obruetur,
865 2394 957 2480 quod
982 2395 1026 2460 ab
1050 2394 1168 2460 eodem

120 2505 156 2567 in
179 2502 313 2568 honoris
336 2501 550 2566 contentione
581 2509 739 2584 superata
762 2507 824 2566 est.
882 2498 977 2579 Quae
1008 2499 1036 2564 si
1067 2519 1169 2564 causa

121 2673 268 2723 translated
280 2674 315 2736 by
328 2675 374 2722 the
387 2672 534 2722 infinitlves
546 2672 575 2721 of
587 2672 634 2720 the
689 2670 746 2728 §8.
777 2671 878 2735 42,4³.
896 2670 1021 2720 adtutor
1064 2682 1168 2720 ene:
1269 2713 1271 2719 .

120 2751 332 2813 corresponding
347 2749 458 2812 English
473 2749 556 2797 verbs.
590 2747 632 2796 Cf.
657 2749 786 2798 translate
808 2762 838 2798 as
860 2747 978 2797 dlrected
997 2761 1033 2797 ou
1053 2746 1105 2816 53.
1129 2748 1167 2797 18.

121 2828 169 2876 the
181 2833 244 2875 note
255 2840 290 2875 on
302 2826 315 2884 1
327 2827 350 2876 3.
366 2826 404 2874 18.
657 2837 721 2874 non
737 2823 832 2874 modo
849 2823 914 2880 ned.
926 2829 991 2873 etc:
1009 2837 1053 2874 see
1070 2823 1167 2883 on11.,

153 2902 199 2950 aL
217 2901 388 2951 accuseris:
417 2902 461 2951 {or
485 2900 574 2960 moed,
598 2901 631 2948 A.
656 2901 800 2951 mbo-36.

121 2981 223 3030 Sota:
246 2974 633 3040 G.5e·1.·3;11.ocs.s(2);

124 3058 155 3110 Β.
179 3059 231 3110 302
249 3059 282 3120 2;
307 3056 351 3108 for
370 3056 421 3108 the
437 3053 632 3118 terminatiom
687 3050 712 3099 2.
741 3050 855 3112 capitia
888 3049 1097 3106 dimicatione,
1123 3049 1168 3098 ‘ln

121 3133 181 3192 -ria,
210 3145 255 3180 see
288 3131 320 3186 L,
348 3129 393 3178 22.
428 3130 466 3190 10,
500 3129 554 3178 and
588 3129 634 3178 tell
655 3126 801 3188 astruggle
818 3126 861 3175 lor
871 3125 914 3174 his
931 3125 993 3174 clvii
1011 3121 1166 3174 existence!

123 3208 243 3257 whether
254 3207 308 3257 this
321 3207 343 3256 is
360 3220 395 3256 an
414 3205 577 3255 illustratlon
594 3207 632 3264 of,
657 3203 709 3251 For
720 3203 775 3252 this
787 3216 864 3252 sense
875 3203 905 3252 ol
923 3205 1016 3263 cocart,
1031 3216 1074 3252 see
1087 3217 1112 3263 p.
1126 3202 1166 3260 tl,

122 3298 152 3334 or·
163 3285 306 3346 exception
319 3290 355 3344 to,
369 3284 415 3332 the
428 3281 493 3332 rule.
655 3281 668 3339 t
688 3281 711 3328 6.
748 3278 865 3328 Cicero’s
888 3278 938 3328 law
959 3278 1079 3341 irnposerl
1100 3291 1130 3328 as
1152 3292 1169 3327 a

153 3359 258 3418 31134.
275 3359 381 3408 studia
405 3361 500 3420 atque
525 3358 633 3414 officia,
655 3355 765 3418 penalty
782 3356 848 3405 such
866 3369 882 3404 a
900 3357 1001 3417 capitia
1020 3355 1168 3404 deminutio

123 3438 246 3487 ‘zealous
258 3436 392 3496 services,'
405 3435 443 3486 lit.
455 3435 565 3485 ‘acuet
577 3435 633 3484 aeal
655 3432 690 3494 by
707 3431 850 3494 providing
867 3432 927 3480 that
944 3432 989 3481 the
1006 3429 1130 3480 crimiual
1148 3429 1169 3478 ii

121 3515 176 3564 and
198 3512 329 3564 service’:
351 3526 395 3562 see
418 3511 633 3572 0n11.,10.14
655 3508 795 3558 convicted
818 3508 851 3558 be·
873 3507 1005 3570 degradati
1029 3508 1099 3556 irorn
1122 3507 1169 3555 the

121 3591 176 3640 and
189 3591 222 3650 I.,
235 3589 261 3636 1.
272 3590 296 3640 ’1.
332 3587 488 3645 debuisse,
500 3587 610 3638 ‘owed’
655 3590 747 3634 senate
759 3583 868 3646 (partial
881 3584 955 3644 loss),
969 3584 1022 3632 aud
1038 3583 1167 3632 banished

153 3665 200 3714 ³6.
217 3665 361 3728 gratioso,
378 3664 457 3714 made
473 3678 490 3713 a
511 3665 634 3714 substan·
656 3661 735 3724 (total
747 3661 811 3719 loss)
824 3661 867 3710 lor
877 3666 923 3710 ten
936 3671 1020 3721 years,
1031 3659 1079 3708 the
1090 3658 1171 3708 latter

123 3745 178 3793 tire
190 3743 224 3804 hy
237 3743 272 3791 its
283 3741 428 3803 proximity
438 3747 467 3790 to
479 3741 566 3791 amico
578 3740 632 3789 and
655 3737 764 3800 penalty
776 3737 856 3799 being
867 3751 902 3786 an
915 3736 1084 3786 innovation.

122 3819 251 3870 comte:
267 3819 410 3868 otherwise
427 3818 533 3867 theuso
545 3817 632 3868 would
686 3815 713 3863 4.
740 3815 772 3862 in
797 3813 925 3866 honoris
958 3812 1169 3868 contentione.

123 3895 333 3960 berenhardi.
657 3891 703 3940 ‘tu
719 3890 919 3955 astrngglstor
929 3887 1035 3942 bonor?
1070 3887 1167 3954 Quae,
