2876 4378
472 314 550 370 cnr.
577 316 653 367 1o11
677 313 689 374 s
713 312 799 369 nr-so.
1143 297 1207 370 571

106 492 178 557 acri
193 491 304 557 auimo
327 489 534 566 defenderet,
552 489 611 565 illi,
629 491 688 574 qui
712 495 809 554 erant
831 510 909 552 cum
933 487 1062 566 Clodi0,
1087 490 1156 576 gla-

106 596 174 661 diis
206 596 336 661 eductis
363 595 485 680 partim
512 615 680 658 recurrere
708 592 752 656 ad
776 591 920 668 raedam,
948 601 987 656 ut
1013 613 1033 657 a
1060 599 1156 679 tergo

107 700 274 765 Milonem
296 698 517 774 adorirentur,
534 698 666 782 partim,
684 696 776 781 quod
798 696 888 760 huno
913 697 978 765 iam
1000 677 1170 762 interfeel

106 812 183 869 tum
204 809 373 889 putarent,
398 800 534 866 caedere
558 801 727 885 incipiunt
750 801 822 864 eius
850 821 973 876 servos,
999 802 1058 885 qui
1080 809 1158 886 post
1180 817 1210 862 ³0

106 916 225 984 erant3
248 929 291 972 ex
322 905 446 991 quibus
478 906 538 991 qui
568 905 680 968 animo
712 903 804 968 fideli
839 905 874 967 in
912 903 1085 969 dominum
1122 912 1157 970 et

106 1013 277 1096 praesenti
306 1010 456 1087 fuerunt,
488 1009 611 1094 partim
646 1009 748 1072 occisi
786 1016 877 1084 sunt,
910 1009 1043 1093 partim,
1075 1029 1154 1073 cum

107 1115 153 1179 ad
182 1113 314 1180 raedam
344 1113 488 1200 pugnari
511 1112 675 1189 viderent,
707 1111 842 1203 domino
869 1133 1061 1176 succurrere
1084 1134 1157 1197 pro·

108 1217 313 1294 biberentur,
337 1218 500 1282 Milonem
523 1217 671 1280 occisum
695 1223 730 1280 et
756 1237 798 1280 ex
825 1217 898 1299 ipso
922 1214 1042 1279 Clodio
1066 1214 1157 1280 audi-

107 1329 186 1386 rent
214 1329 249 1386 et
278 1344 313 1386 re
343 1342 422 1386 vera
452 1327 620 1406 putarent,
643 1319 800 1384 fecerunt
830 1318 865 1382 id
897 1320 985 1384 servi
1018 1319 1156 1384 Milonis
1180 1337 1208 1382 st

110 1425 240 1510 (dicam
255 1426 344 1490 enim
359 1431 473 1510 aperte
500 1445 569 1488 non
592 1422 766 1488 derivandi
789 1423 938 1488 criminis
962 1444 1071 1499 causa,
1096 1422 1157 1489 sed

108 1537 149 1595 ut
171 1529 301 1596 factum
326 1532 398 1614 est)
427 1550 488 1594 nec
511 1530 696 1613 imperante
728 1549 789 1592 nec
819 1528 946 1592 sciente
978 1549 1040 1592 nec
1063 1549 1156 1612 prae·

107 1641 203 1699 sente
235 1633 381 1710 domino,
407 1631 500 1718 quod
526 1653 605 1697 suos
636 1632 782 1717 quisque
812 1652 927 1696 servos
959 1632 993 1695 in
1026 1632 1087 1696 tali
1117 1653 1152 1698 re

107 1738 218 1805 iacere
235 1738 408 1803 voluisset.

151 1859 203 1906 XI.
235 1841 338 1918 Haec,
365 1842 468 1906 sicuti
498 1840 649 1925 exposui,
682 1840 731 1904 ita
760 1847 855 1924 gesta
885 1847 977 1916 sunt,
1008 1838 1210 1915 iudices330

106 1945 284 2011 insidiator
299 1952 476 2030 superatus
493 1951 554 2018 est,
571 1945 607 2008 vi
622 1944 712 2008 victa
729 1944 780 2008 vis
798 1942 852 2008 vel
868 1945 981 2027 potius
997 1965 1156 2029 oppressa

106 2051 234 2116 virtute
251 2049 391 2114 audacia
412 2055 474 2113 est.
520 2047 616 2110 Nihil
639 2045 723 2122 dico,
740 2045 825 2131 quid
848 2068 900 2111 res
923 2047 1058 2131 publica
1081 2035 1157 2114 eon·

107 2163 224 2220 secuta
254 2155 308 2231 sit,
337 2153 433 2229 nihil,
458 2151 541 2238 quid
572 2173 641 2227 vos,
671 2151 765 2228 nihil,
795 2151 878 2236 quid
909 2173 1023 2216 omues
1055 2153 1132 2218 boni
1146 2175 1154 2228 ;

108 2259 192 2322 nihil
222 2279 302 2322 sane
332 2256 368 2321 id
398 2259 505 2340 prosit
536 2256 668 2330 Miloni,
693 2256 752 2340 qui
780 2255 841 2319 hoo
869 2254 940 2321 fato
969 2264 1068 2321 natus
1094 2263 1194 2332 ests

108 2370 212 2426 utne
235 2382 271 2426 se
295 2359 433 2445 quidem
460 2381 591 2424 servare
623 2359 782 2444 potuerit,
800 2360 882 2445 quin
911 2381 977 2424 uua
1004 2381 1075 2425 rem
1097 2381 1156 2446 pu·

107 2464 228 2530 blicam
250 2485 380 2548 vosque
403 2470 562 2528 servaret.
609 2462 645 2527 Si
672 2461 707 2525 id
733 2463 805 2527 iure
833 2463 904 2528 fieri
936 2484 1002 2527 non
1033 2465 1154 2550 potuit,

107 2569 193 2632 nihil
218 2567 334 2644 heheu,
351 2567 443 2653 quod
466 2565 655 2632 defendam.
702 2566 761 2631 Sin
787 2566 849 2631 hoc
875 2574 910 2632 et
935 2569 1020 2632 ratio
1047 2568 1167 2634 doctis,

107 2681 142 2737 et
164 2672 345 2737 necessitas
372 2671 519 2736 barbaris
548 2678 583 2736 et
610 2691 680 2734 mos
707 2669 866 2756 gentibus
893 2678 929 2735 et
951 2670 1030 2736 feris
1054 2674 1155 2737 etiam

107 2775 214 2840 beluis
230 2784 351 2840 natura
374 2776 446 2860 ipsa
469 2775 693 2860 praescripsit,
711 2781 751 2839 ut
774 2796 906 2840 omnem
930 2797 1060 2860 semper
1076 2777 1154 2852 vim,
1178 2791 1209 2840 ιο

138 2997 183 3056 ³5,
195 2997 241 3047 36.
258 2997 516 3057 aerv1.‘theslaves
527 2997 618 3062 (isay)
675 2998 747 3059 §3st
775 2997 836 3047 2-8
860 2998 894 3046 vi
910 3035 916 3046 .
934 3034 939 3046 .
957 3035 962 3046 .
980 2999 1046 3048 vel:
1067 3001 1157 3051 notice

108 3074 135 3122 oi
146 3073 232 3124 Milo!
267 3074 327 3124 The
342 3079 398 3124 two
409 3074 495 3124 words
512 3075 592 3123 make
603 3089 620 3122 a
642 3074 689 3122 the
701 3074 872 3123 alliteration.
909 3074 994 3123 Nihil
1003 3075 1154 3139 dioneia,

107 3150 188 3212 slight
214 3150 407 3212 anacoluthon,
434 3165 463 3200 as
490 3151 537 3200 the
565 3151 618 3199 real
644 3150 674 3198 ‘I
691 3164 738 3211 say
756 3156 804 3198 not
822 3165 838 3198 a
856 3152 925 3200 word
944 3165 973 3200 as
990 3157 1019 3200 to
1036 3153 1156 3203 lrowthe

108 3227 210 3288 subiect
227 3227 257 3276 oi
269 3227 401 3286 fecerant
420 3228 443 3276 is
463 3229 520 3288 qus,
539 3227 556 3276 l.
576 3228 616 3287 31,
641 3232 754 3287 country
773 3227 822 3275 has
841 3228 954 3289 profiteri
973 3228 1008 3289 by
1026 3228 1073 3277 the
1091 3229 1154 3290 act,'

109 3303 154 3350 but
165 3315 210 3350 are
221 3303 339 3352 inserted
356 3307 386 3352 to
403 3303 555 3364 eruplrasize
573 3304 618 3351 the
640 3315 676 3350 an
704 3302 827 3364 example
854 3305 883 3352 oi
909 3305 1074 3364 praeteritio
1107 3305 1152 3366 (cf.

108 3378 165 3426 idea
176 3378 237 3426 that
249 3376 317 3427 Milo
328 3377 439 3426 himself
452 3377 497 3426 did
509 3379 558 3426 not
570 3377 618 3427 kill
640 3369 710 3427 Sest.¹
728 3378 773 3426 2⁷.
792 3380 834 3441 123
855 3380 876 3429 1.
899 3379 945 3428 14.
966 3380 1021 3440 14),
1043 3381 1071 3429 ln
1089 3381 1156 3432 allu-

107 3454 224 3504 Olodius.
271 3452 435 3503 derivandi
473 3453 618 3513 criminis,
640 3454 699 3502 sion
722 3454 751 3504 to
774 3456 820 3504 the
849 3456 948 3506 second
977 3456 1031 3505 liue
1058 3457 1087 3506 of
1111 3459 1155 3507 de-

109 3530 234 3591 ‘turning
245 3529 284 3578 off
294 3528 465 3592 theobarge,'
479 3530 534 3591 ie,
545 3545 617 3594 upon
640 3531 718 3580 ieuce
731 3533 886 3582 mentioned
899 3548 934 3582 on
947 3535 959 3593 ᾗ
972 3535 995 3582 6.
1009 3533 1048 3582 36.
1078 3533 1155 3583 nihil

108 3604 257 3655 tireslaves.
639 3589 1155 3669 habeo,qu0dddfeudam,‘1have

137 3679 181 3737 38,
200 3678 245 3728 ³9.
270 3680 356 3742 quod
373 3715 379 3729 .
402 3716 408 3729 .
431 3717 438 3730 .
457 3681 618 3740 voluisset,
640 3697 676 3733 no
687 3683 800 3734 defense
812 3690 840 3734 to
852 3685 945 3734 offer2’
960 3685 1096 3736 fertrans.
1110 3701 1155 3736 see

108 3770 140 3804 an
157 3755 241 3806 artiul
257 3757 427 3821 euphemiam
438 3757 482 3807 ior
494 3757 619 3808 Clodium
640 3773 676 3808 on
696 3760 766 3810 Mur.
780 3759 825 3808 26.
842 3760 870 3823 73
890 3761 934 3810 ior
949 3761 1029 3814 moed
1049 3775 1084 3812 on
1102 3763 1152 3830 Ep.

108 3832 273 3886 occiderunt.
429 3871 437 3877 -
640 3835 779 3889 ΧΧ.1.3.

172 4031 188 4063 0
