2876 4378
456 313 535 364 cnr.
561 313 616 375 ῡ-τ,
642 315 655 374 s
680 313 766 363 ra-n.
1119 299 1183 364 563

81 509 169 574 qu03
195 487 280 553 nihil
307 487 395 552 enim
422 508 554 552 necesse
582 493 634 550 est
660 486 810 549 omnium
838 507 889 550 me
913 484 1040 571 flagitia
1062 508 1133 570 pro
1157 502 1184 546 to

80 591 179 658 ferre.
226 591 280 656 Sic
308 591 438 676 reliqua
463 590 644 654 auctoritas
672 596 809 655 senatus
836 579 949 674 empta
975 590 1131 655 interces-

80 697 173 761 sione
190 696 323 761 snblata
339 702 400 760 est.

126 802 176 865 At
198 801 286 866 enim
315 799 377 864 On.
402 798 583 884 Pompeius
615 799 787 884 rogatione
818 819 880 862 sua
906 805 940 862 et
967 797 1008 862 de
1035 821 1069 862 re
1097 803 1183 863 et15

80 904 122 969 de
139 926 239 969 causa
254 903 439 978 iudicavit3
465 903 546 966 tulit
565 903 655 967 enim
671 901 712 966 de
730 901 840 977 caede,
858 902 995 986 quaein
1019 903 1131 986 Appia

81 1010 137 1074 via
151 1009 242 1074 faeta
257 1016 354 1084 esset,
370 1008 406 1070 in
430 1029 497 1092 qua
522 1006 560 1069 P.
579 1006 719 1070 Clodius
745 1006 875 1070 occisus
895 1013 994 1070 esset.
1041 1005 1133 1086 Quid
1157 1021 1184 1066 15

80 1135 161 1199 ergo
177 1113 281 1176 tulit?
326 1112 453 1196 Nempe
471 1119 511 1175 ut
533 1117 759 1195 quaereretur.
807 1108 899 1190 Quid
922 1132 1018 1195 porro
1035 1132 1133 1196 quae·

80 1216 223 1282 rendum
240 1217 315 1281 est?
337 1215 508 1280 factumne
525 1215 592 1280 sit?
639 1214 690 1278 At
705 1221 847 1278 constat.
894 1215 925 1277 A
943 1214 1036 1298 quo?
1083 1213 1133 1277 At

81 1328 184 1405 paret.
242 1319 342 1383 Vidit
368 1320 473 1404 igitur
499 1319 601 1383 etiarn
632 1319 667 1381 in
699 1316 907 1382 confessione
938 1316 1019 1382 facti
1050 1319 1132 1381 iuris

82 1432 194 1488 tamen
211 1423 441 1489 defensionem
464 1423 590 1507 suscipi
614 1444 722 1507 posse.
769 1420 871 1499 Quod
897 1423 960 1486 nisi
982 1421 1130 1497 vidisset,

80 1550 177 1615 posse
194 1529 322 1593 absolvi
339 1550 425 1604 eum,
440 1529 499 1613 qui
516 1526 689 1603 fateretur,
707 1549 784 1592 eum
801 1525 933 1591 videret
948 1549 1008 1590 nos
1025 1526 1132 1602 fateri,
1156 1543 1186 1587 ao

81 1655 191 1717 neque
223 1634 338 1717 quaeri
370 1653 530 1716 umquam
561 1632 713 1696 iussisset
743 1652 804 1695 neo
831 1629 924 1695 vobis
952 1639 1020 1694 tam
1047 1631 1131 1694 hanc

80 1738 262 1802 salutarem
290 1737 324 1798 in
355 1734 535 1799 iudicando
566 1735 714 1799 litteram
746 1756 847 1819 quam
879 1734 971 1798 illam
1002 1735 1131 1799 tristem

81 1840 237 1906 dedisset.
285 1840 370 1904 Mihi
403 1861 481 1904 vero
513 1839 575 1903 Cn.
609 1838 790 1923 Pompeius
821 1860 889 1902 non
920 1838 1018 1902 modo
1048 1838 1132 1902 nihil

80 1946 216 2032 gravius
240 1951 355 2009 eontra
382 1943 545 2008 Milonem
568 1942 744 2018 iudicasse,
766 1941 825 2006 sed
850 1945 950 2006 etiam
974 1944 1130 2007 statuisse

81 2049 224 2126 videtur,
260 2047 344 2133 quid
382 2069 441 2112 vos
481 2048 516 2110 in
556 2045 735 2111 iudicando
771 2053 922 2130 spectare
954 2055 1185 2130 oporteretne

81 2153 177 2229 Nam,
206 2155 266 2237 qui
297 2174 364 2216 non
395 2174 535 2237 poenam
568 2149 779 2227 confessioni,
811 2148 871 2214 sed
902 2150 1128 2215 defensionem

81 2256 185 2331 dedit,
209 2257 237 2320 is
260 2277 393 2320 causam
420 2257 578 2321 interitus
603 2254 837 2340 quaerendam,
863 2276 931 2318 non
957 2256 1131 2319 interitum

82 2361 225 2445 putavit.
272 2375 336 2422 vu.
372 2359 443 2423 lam
463 2359 549 2422 illud
572 2361 642 2443 ipse
666 2358 757 2423 dicet
778 2359 939 2444 profecto,
957 2358 1049 2443 quod
1071 2381 1132 2424 sua
1148 2364 1185 2426 16

81 2471 200 2548 sponte
227 2464 319 2539 feeit,
344 2462 509 2528 Publione
538 2461 658 2527 Clodio
689 2463 907 2528 tribuendum
934 2464 1063 2548 putarit
1088 2485 1131 2528 an

82 2565 234 2648 tempori.
282 2563 382 2627 Domi
405 2585 485 2628 suae
510 2563 736 2627 nobilissimus
753 2564 806 2628 vir
827 2571 965 2629 senatus
990 2584 1132 2650 propug-

82 2768 161 2830 glven
194 2767 335 2830 judgment
366 2767 472 2829 against
501 2766 593 2815 Milo'’
622 2768 753 2828 regretted
772 2769 814 2818 his
831 2768 913 2818 death
934 2766 957 2829 (ξ
975 2766 1030 2828 20);
1056 2767 1135 2816 Pom-

83 2844 236 2905 (§§15-22l.
272 2843 366 2892 Cicero
376 2843 471 2905 replies
480 2843 541 2892 that
550 2842 596 2891 the
621 2846 696 2906 peius
713 2845 767 2894 had
784 2845 865 2895 hated
884 2844 1003 2904 Clodius,
1020 2843 1074 2892 and
1091 2844 1135 2892 his

82 2919 129 2969 bill
141 2920 170 2968 of
186 2920 332 2981 Pompeius
351 2919 460 2981 implied
477 2933 513 2967 no
530 2920 595 2968 such
621 2920 687 2970 wish
699 2927 729 2970 to
741 2936 812 2970 seem
822 2922 875 2970 fair
883 2921 998 2970 towards
1008 2920 1054 2968 the
1065 2919 1134 2969 dead

81 2996 232 3059 judgrnent,
251 2997 311 3044 that
330 2997 351 3044 it
367 2995 467 3058 merely
484 2995 595 3044 ordered
621 2997 673 3045 had
686 2998 787 3046 carried
797 2998 853 3045 hini
864 3003 909 3046 too
917 2997 960 3045 far
968 2996 1075 3058 against
1088 2996 1134 3044 the

82 3087 117 3122 an
136 3072 326 3134 investigatlon
345 3073 403 3121 into
423 3087 438 3121 a
458 3073 596 3121 notorious
621 3073 712 3134 living.
750 3074 803 3122 But
833 3074 873 3122 his
895 3074 988 3122 choice
1010 3073 1039 3122 oi
1068 3073 1134 3121 such

82 3149 217 3199 homicide
232 3147 254 3207 li
269 3148 325 3209 15);
342 3150 403 3198 that
417 3163 453 3196 no
470 3147 596 3210 speciaily
621 3149 768 3200 honorable
785 3163 848 3198 rnen
868 3165 898 3200 as
919 3151 1008 3213 jurors
1026 3149 1134 3198 shewed

82 3227 216 3275 atrocious
224 3226 342 3274 features
353 3226 382 3274 oi
395 3225 440 3273 the
449 3225 530 3273 crime
543 3224 595 3273 had
620 3227 681 3275 that
690 3228 724 3276 he
734 3227 838 3276 wanted
849 3226 966 3289 nothing
977 3227 1026 3274 but
1037 3225 1135 3287 justice

83 3301 233 3351 influenced
250 3302 318 3361 him,
336 3301 380 3350 for
396 3300 484 3350 iouier
500 3301 596 3349 crimes
623 3303 664 3364 (ξς
676 3305 716 3363 21,
729 3302 780 3365 22).

83 3379 136 3428 had
144 3378 267 3427 notbeen
276 3377 453 3438 investigated
461 3378 489 3425 in
497 3377 596 3438 special
653 3379 719 3440 515.
737 3378 839 3427 13-25.
865 3379 910 3427 At
928 3379 1023 3428 enlm:
1041 3392 1083 3427 see
1098 3391 1134 3427 on

82 3461 173 3507 courts
192 3455 216 3514 (i
235 3454 289 3515 17),
304 3459 352 3504 not
369 3467 436 3503 even
454 3467 488 3502 an
507 3453 597 3502 actual
621 3455 687 3505 Suii.
708 3455 755 3504 56.
776 3457 798 3503 1.
833 3458 929 3516 parat,
949 3455 1019 3503 ‘this
1039 3455 1062 3502 is
1081 3452 1136 3503 evi-

83 3532 192 3582 murder
202 3530 360 3580 committed
372 3530 407 3592 by
415 3528 534 3589 Clodius,
543 3529 597 3578 and
622 3532 706 3592 dent‚⁷
720 3546 736 3580 a
754 3531 822 3594 legal
836 3532 910 3580 word
927 3532 970 3580 ior
982 3531 1071 3580 which
1088 3531 1135 3580 the

82 3610 125 3660 his
155 3607 306 3670 attempted
341 3607 535 3656 assassination
570 3607 598 3654 oi
622 3607 774 3668 compound
796 3609 912 3667 apparet
930 3607 952 3655 is
971 3619 1045 3655 more
1064 3619 1135 3655 com-

82 3686 228 3749 Pompeius
258 3683 367 3733 himself
400 3681 441 3744 (ἐξ
473 3683 512 3741 18,
544 3682 598 3744 19);
623 3699 694 3734 mon.
736 3684 905 3733 salutarem
927 3683 1134 3732 litteram...

84 3762 193 3812 Clodius
221 3761 276 3810 had
304 3760 382 3809 made
411 3764 539 3838 attempts
562 3773 598 3815 on
622 3760 758 3808 uatem:
775 3773 819 3808 see
831 3760 895 3808 Exc.
911 3759 947 3808 ΙΙ,
963 3759 1013 3820 §a
1046 3770 1135 3819 spec-

84 3838 202 3899 Qicero’s
219 3839 267 3896 life
283 3844 339 3908 too,
355 3837 409 3887 and
427 3835 510 3909 really
527 3849 599 3893 none
622 3839 696 3898 tare,
711 3835 790 3893 ‘look
801 3835 849 3904 to,’
865 3835 950 3906 ‘keep
961 3835 990 3886 in
1002 3834 1097 3893 miud’
