2838 4380
418 327 498 380 car.
522 329 594 390 ero,
619 328 633 389 e
656 327 742 378 21-24.
1084 311 1148 378 449

64 503 153 569 etiam
182 521 290 568 sermo
329 499 424 564 nobis
459 520 556 564 ansas
595 497 705 574 dabat,
744 496 867 582 quibus
906 496 1094 562 reconditos

63 607 125 672 eius
139 625 255 671 sensus
271 611 384 670 tenere
412 623 595 688 possemus.
646 601 822 666 Laudabat
847 601 946 666 homo
972 601 1092 666 doctus
1108 599 1148 662 23

62 708 265 796 philosophos
288 708 401 773 nescio
429 728 514 792 quos
541 728 652 791 neque
680 727 795 770 eorum
822 713 935 770 tamen
963 706 1097 770 nomina
1133 722 1148 766 c

61 822 182 900 poterat
208 812 329 889 dicere,
355 811 415 876 sed
442 819 555 878 tamen
580 833 636 876 eos
665 809 826 875 laudabat
852 810 1009 886 maxime,
1034 811 1095 894 qui
1146 839 1148 846 ·

60 918 211 983 dicuntur
235 924 367 1002 praeter
393 923 521 980 ceteros
552 937 624 981 esse
655 922 809 980 auctores
840 923 875 980 et
905 912 1095 980 laudatores

59 1022 254 1107 voluptatis3
289 1021 385 1085 cuius
411 1028 537 1104 etque
563 1028 712 1104 tempore
739 1026 774 1084 et
798 1040 866 1103 quo
891 1017 999 1096 modo,
1026 1039 1094 1084 non

58 1124 241 1212 quaerebat,
268 1123 409 1190 verbum
436 1126 548 1209 ipsum
575 1123 729 1189 omnibus
753 1124 856 1188 animi
884 1131 919 1188 et
948 1124 1096 1208 corporis
1120 1139 1149 1186 10

57 1230 202 1317 partibus
218 1229 414 1305 devorarat;
439 1228 641 1314 eosdemque
658 1229 825 1313 praeclare
850 1227 959 1294 dicere
983 1228 1095 1294 aiebat

56 1336 210 1421 sapientis
239 1335 350 1399 omnia
376 1356 439 1399 sua
469 1356 580 1424 causa¹
596 1333 717 1411 faeere,
746 1355 815 1399 rem
846 1333 1014 1418 publicam
1045 1355 1096 1398 ca-

55 1462 181 1526 pessere
197 1439 367 1504 hominem
390 1438 474 1504 hene
498 1460 619 1504 sanum
643 1460 709 1503 non
733 1445 896 1523 oportere,
913 1438 999 1502 nihil
1022 1459 1094 1503 esse

54 1542 282 1630 praestabilius
308 1544 415 1608 otiosa
443 1544 514 1607 vita
541 1542 640 1628 piena
671 1551 706 1607 et
736 1541 887 1608 conferta
918 1543 1099 1626 voluptati

54 1650 132 1725 hus;
155 1670 210 1714 eos
242 1655 366 1724 autem,
394 1648 454 1732 qui
485 1647 636 1712 dicerent
666 1646 828 1734 dignitati
856 1667 927 1712 esse
952 1647 1148 1711 seruch-1⁵

52 1754 141 1830 dum,
171 1754 220 1818 rei
250 1751 404 1837 publicae
436 1751 692 1828 consulendum,
724 1749 824 1816 officii
855 1752 1019 1817 rationem
1059 1752 1095 1815 in

51 1859 141 1923 omni
163 1857 245 1932 vita,
266 1877 337 1921 non
360 1855 526 1920 commodi
549 1877 621 1921 esse
645 1854 845 1932 ducendam,
858 1853 1014 1920 adeunda
1035 1876 1095 1939 pro

50 1963 158 2049 patria
187 1961 345 2046 pericula,
370 1961 511 2026 vulnera
541 1959 749 2044 excipienda,
774 1967 915 2025 mortem
936 1967 1096 2044 oppeten-

49 2067 135 2143 dam,
159 2065 336 2132 vaticinari
359 2073 462 2150 atque
490 2066 635 2130 insanire
662 2064 802 2130 dicebat.
849 2065 902 2128 Ex
933 2064 985 2129 his
1016 2064 1094 2128 assi·
1108 2061 1149 2124 ²4

48 2171 124 2236 (luis
147 2171 219 2235 eius
243 2168 488 2254 cotidianisque
512 2169 733 2246 sermonibus,
758 2177 793 2235 et
816 2168 908 2255 quod
931 2168 1096 2248 videbam,
1119 2184 1149 2230 ao

48 2274 251 2360 quibuscum
266 2273 461 2338 hominibus
477 2274 513 2337 in
528 2274 686 2339 interiore
700 2283 793 2359 parte
805 2272 940 2338 aedium
954 2275 1093 2349 viveret,

79 2489 106 2538 4.
120 2498 219 2547 ansas,
229 2489 385 2538 ‘handlesz'
395 2489 464 2552 keep
471 2503 509 2552 up
518 2490 564 2539 the
613 2489 665 2552 ⁸10,
679 2491 724 2540 11.
742 2490 862 2540 animi
884 2490 1040 2552 partibus:
1059 2490 1094 2540 cf.

44 2567 191 2630 metaphor
214 2566 249 2628 by
272 2565 436 2628 translating
463 2569 561 2628 tenere,
582 2571 679 2628 partes
700 2569 806 2626 mentia,
826 2567 875 2630 Ep.
901 2566 981 2616 XIII.
1006 2565 1032 2614 ³.
1054 2567 1094 2616 43.

45 2641 163 2705 ‘grasp’
584 2643 690 2693 dicere
707 2644 827 2693 alebat:
846 2643 925 2692 when
948 2657 1000 2693 one
1024 2644 1095 2693 word

78 2716 143 2774 §hh
163 2716 225 2766 6-9.
243 2717 352 2766 nescio
380 2729 468 2779 quoe,
493 2717 563 2767 ‘cea
585 2721 614 2770 ol
635 2722 728 2783 saylng
752 2719 865 2781 (dicere)
883 2720 1003 2782 depende
1021 2734 1095 2782 upon

43 2795 135 2844 tainz'
160 2807 204 2844 see
226 2807 262 2843 on
283 2794 305 2843 I.
330 2793 375 2842 ³1.
399 2796 421 2843 2.
469 2793 562 2843 Cicero
584 2797 698 2845 another
715 2794 830 2858 (ciebat)
848 2795 941 2845 Cicero
959 2794 1096 2858 generally

44 2871 123 2921 often
142 2885 206 2920 uses
224 2870 279 2920 this
297 2870 438 2920 indefinite
456 2885 563 2934 expres·
584 2872 779 2922 usesdifterent
787 2873 888 2934 words;
905 2871 972 2921 such
982 2872 1094 2934 phrases

42 2947 106 2997 sion
130 2952 160 2996 ιο
181 2947 261 2996 avoid
279 2945 326 2995 the
348 2960 515 3008 appearance
532 2948 561 2997 oi
584 2962 613 2997 as
629 2949 719 2999 dicere
738 2949 834 2998 dicunt
851 2961 896 2998 arc
908 2961 973 3010 very
984 2961 1043 2996 rare
1066 2947 1095 2996 in

42 3029 91 3074 too
110 3027 188 3085 great
206 3022 365 3084 familiarlty
383 3023 448 3072 with
472 3023 562 3074 Greek
584 3025 626 3074 his
639 3026 768 3088 writings.

41 3099 196 3160 literature,
210 3099 301 3150 which
315 3112 370 3148 was
387 3100 515 3162 regarded
532 3114 562 3150 as
615 3099 897 3150 12-1⁵.suaoausa
918 3099 1029 3157 lacere,
1045 3098 1095 3149 ‘do

39 3176 166 3226 beneath
193 3175 240 3225 the
268 3175 358 3224 notice
391 3175 422 3228 ,of
456 3176 561 3225 Roman
583 3176 619 3225 all
641 3177 735 3239 things
758 3176 824 3224 with
846 3191 863 3226 a
888 3176 956 3226 view
973 3181 1001 3225 ιο
1023 3177 1095 3224 their

37 3258 204 3302 statesmen.
255 3251 309 3301 For
342 3251 384 3301 his
418 3252 499 3314 study
532 3253 562 3301 ol
584 3267 644 3303 own
664 3253 795 3303 comfort’
809 3254 897 3302 :eibi
916 3252 1095 3304 consuleretis

36 3326 211 3390 philosophy
223 3339 267 3375 see
283 3341 310 3389 p.
325 3324 364 3386 l'l,
387 3326 400 3387 ἓ
414 3327 444 3376 13
461 3327 495 3376 ad
515 3327 559 3376 fin.
585 3330 612 3377 in
625 3329 639 3390 ξ
652 3330 673 3378 l.
687 3330 711 3379 8.
746 3328 962 3378 serviendum:
980 3329 1014 3378 cf.
1028 3327 1040 3384 i
1055 3330 1092 3378 14.

36 3414 107 3460 eos,
127 3402 176 3450 the
198 3401 374 3464 Epicureans,
391 3403 482 3452 whose
503 3403 563 3465 phi·
585 3406 622 3455 13.
658 3417 713 3454 eos
730 3408 842 3461 autem,
859 3405 906 3454 the
923 3405 1028 3474 Stoica:
1051 3418 1095 3454 see

34 3477 162 3540 losophy
173 3491 226 3526 was
238 3478 267 3526 of
278 3478 386 3527 amuch
397 3477 491 3527 nobler
500 3483 562 3541 type
583 3495 619 3530 on
631 3481 700 3531 Mur.
715 3479 740 3528 ³.
751 3483 763 3529 l
776 3480 810 3529 ad
823 3480 868 3529 lin.

33 3554 111 3604 than
143 3552 208 3601 Piso
236 3553 401 3602 understood
423 3553 445 3602 it
468 3559 496 3602 ιο
518 3554 558 3604 be.
615 3556 717 3606 16-19.
733 3557 887 3606 rationem
905 3593 911 3604 .
931 3593 937 3604 .
955 3591 960 3604 .
980 3556 1094 3606 ducen-

32 3628 151 3679 cuius:
182 3642 219 3677 sc.
243 3628 316 3676 from
337 3628 411 3678 what
435 3629 561 3690 precedes
583 3632 661 3690 dam,
687 3634 798 3696 ‘regard
816 3639 889 3682 must
904 3634 937 3683 be
954 3633 1027 3682 had!
1061 3632 1094 3680 in

30 3722 48 3756 v
58 3720 76 3755 o
86 3705 125 3754 lu
128 3718 151 3766 p
161 3708 198 3755 ια
206 3707 216 3754 ι
223 3706 255 3754 ia
278 3704 436 3754 laudatores
454 3708 561 3756 essent:
583 3710 668 3759 omni
678 3709 752 3766 vita,
762 3709 769 3733 ‘
778 3711 806 3759 ln
815 3723 895 3771 every
907 3710 973 3771 path
986 3709 1015 3758 of
1026 3709 1091 3758 lite!

31 3783 136 3832 ‘what
152 3782 276 3844 pleasure
292 3782 357 3843 they
374 3781 489 3844 praised,
507 3783 561 3831 and
582 3785 747 3834 vaticinari
754 3788 848 3846 atque
857 3784 999 3842 insanire,
1010 3784 1095 3835 ‘were

27 3859 122 3910 when
136 3858 350 3919 andhow,ctc.'
405 3860 407 3866 '
582 3859 862 3911 lanaticsandfools!
1064 3863 1065 3866 ’
