2876 4378
230 299 293 367 566
500 311 572 365 rao
595 311 625 364 r.
651 309 769 366 numo
793 311 938 365 innomi
961 311 1110 367 oanrro.

230 492 271 555 20
286 496 373 552 certe
406 488 510 550 nihilo
542 489 661 550 minus.
722 486 887 565 Quotiens
918 509 980 573 ego
1011 487 1091 572 ipse,
1123 485 1261 563 iudices,
1296 507 1346 552 ex

286 594 324 656 Ρ.
342 592 440 657 Clodi
469 593 544 656 telis
568 599 666 656 etex
693 593 840 656 cruentis
865 592 936 656 eius
962 591 1115 655 manibus
1140 589 1266 677 effugii
1295 613 1343 655 ex

284 697 414 783 quibus·
437 697 464 761 si
495 718 546 760 me
574 719 641 760 non
669 698 723 762 vel
752 717 824 760 mea
855 697 910 761 vel
937 697 984 760 rei
1013 695 1165 780 publicae
1196 695 1344 760 fortuna

282 810 458 876 servasset,
487 801 563 885 quis
593 802 727 866 tandem
760 800 801 864 de
833 801 973 864 interitu
1000 822 1074 864 meo
1101 801 1340 886 quaestionem

284 906 441 970 tulisset?
480 922 559 968 vrri.
585 904 651 970 Sed
666 905 764 970 stulti
779 926 905 980 sumus,
917 904 977 989 qui
993 904 1154 981 Drusum,
1168 905 1226 989 qui
1243 903 1342 969 Afri-

283 1030 413 1084 canum,
440 1008 648 1092 Pompeium,
675 1015 806 1073 nosmet
828 1009 919 1092 ipsos
947 1030 1024 1072 cuni
1050 1008 1088 1070 P.
1115 1007 1234 1073 Clodio
1259 1031 1335 1073 con·

283 1112 370 1178 ferre
401 1112 593 1177 audeamus.
640 1113 842 1178 Tolerabilia
874 1110 1015 1176 fuerunt
1043 1113 1123 1188 illa3
1164 1112 1201 1175 P.
1233 1113 1336 1177 Clodi

284 1224 423 1281 mortem
439 1239 546 1302 aequo
562 1219 672 1282 animo
689 1217 774 1281 ferre
798 1238 894 1283 nemo
917 1223 1048 1300 potest3
1073 1217 1170 1304 luget
1184 1225 1337 1294 senatus,

245 1339 259 1383 5
282 1329 408 1386 maeret
435 1329 590 1406 equester
615 1322 705 1397 ordo,
734 1328 805 1385 tota
830 1322 949 1386 civitas
976 1320 1138 1386 confecta
1153 1323 1246 1385 senio
1270 1330 1335 1398 est,

283 1427 441 1511 squalent
464 1427 655 1510 municipia,
681 1425 885 1490 afflictantur
912 1425 1071 1502 coloniae,
1088 1426 1160 1511 agri
1185 1425 1336 1510 denique

282 1530 346 1614 ipsi
377 1537 446 1592 tam
476 1528 672 1605 beneficum,
701 1538 768 1592 tam
800 1528 989 1604 salutarem,
1021 1537 1090 1593 tam
1122 1537 1335 1593 mansuetum

231 1638 267 1699 21
283 1634 389 1697 civem
407 1631 608 1697 desiderant.
654 1632 731 1696 Non
751 1631 819 1696 fuit
834 1653 872 1696 ea
889 1653 999 1708 causa,
1017 1632 1154 1708 iudices
1171 1632 1335 1717 profecte,

286 1758 352 1800 non
387 1736 464 1813 fuit,
496 1758 556 1800 cur
593 1736 656 1801 sibi
694 1744 846 1801 censeret
884 1735 1063 1821 Pompeius
1103 1737 1338 1822 quaestionem

232 1839 464 1916 referendam,
495 1839 555 1904 sed
593 1840 690 1904 homo
729 1841 861 1926 sapiens
900 1847 1002 1924 atque
1040 1840 1109 1904 alta
1145 1848 1180 1904 et
1217 1839 1338 1906 divina

284 1944 429 2029 quadam
444 1952 556 2008 mente
580 1943 752 2028 praeditus
776 1944 883 2008 multa
906 1943 1010 2008 vidit:
1035 1943 1138 2008 fuisse
1155 1945 1251 2008 illurn
1267 1945 1336 2010 sibi

283 2049 466 2124 inimicum,
491 2047 688 2113 familiarem
713 2049 896 2126 Milonem3
931 2051 965 2113 in
989 2050 1160 2114 communi
1182 2050 1337 2113 omnium

283 2154 410 2218 laetitia
441 2153 469 2216 si
500 2154 602 2216 etiam
632 2154 702 2238 ipse
735 2152 907 2240 gauderet,
939 2156 1062 2231 timuit,
1088 2177 1130 2220 ne
1161 2153 1338 2219 videretur

283 2257 443 2321 infirmior
458 2257 539 2322 fides
566 2258 798 2322 reconciliatae
825 2260 962 2345 gratiae.
1009 2258 1122 2323 Multa
1145 2259 1246 2324 etiam
1268 2259 1338 2324 alia

231 2377 259 2422 15
282 2361 377 2436 vidit,
394 2361 454 2425 sed
469 2357 556 2424 illud
573 2362 727 2437 maxime,
745 2363 899 2446 quamvis
923 2364 1080 2428 atrociter
1098 2363 1169 2448 ipse
1187 2363 1335 2439 tulisset,

280 2487 339 2531 vos
370 2473 482 2530 tamen
520 2464 655 2530 fortiter
692 2466 908 2531 iudicaturos.
970 2467 1090 2552 Itaque
1129 2466 1256 2554 delegit
1290 2489 1334 2532 ex

284 2569 526 2635 florentissimis
552 2569 724 2634 ordinibus
748 2571 820 2656 ipsa
841 2572 979 2648 lumina,
997 2593 1107 2656 neque
1131 2593 1219 2648 vero,
1240 2572 1337 2656 quod

282 2696 349 2738 non
374 2675 458 2738 nulli
485 2673 653 2750 dictitant,
671 2676 816 2740 secrevit
832 2676 867 2738 in
890 2675 1056 2740 iudicibus
1079 2675 1231 2762 legendis
1254 2677 1338 2740 anri-

282 2801 336 2843 cos
365 2800 464 2843 meos.
511 2778 632 2864 Neque
661 2780 750 2844 enim
774 2778 837 2844 hoc
863 2781 1026 2866 cogitavit
1050 2781 1101 2845 vir
1127 2780 1336 2845 iustissimus

230 2897 258 2941 ac
281 2904 388 2967 neque
420 2884 455 2944 in
485 2882 581 2947 bonis
614 2883 695 2948 viris
729 2882 879 2970 legendis
911 2884 946 2947 id
984 2885 1117 2968 assequi
1155 2885 1336 2968 potuisset,

282 2986 410 3050 etiamsi
442 2987 598 3070 cupisset.
656 2986 733 3050 Non
764 2988 854 3051 enim
885 3009 958 3052 mea
989 2989 1098 3073 gratia
1129 2987 1337 3052 familiarita-

280 3233 386 3282 neither
396 3239 453 3282 acts
466 3247 516 3284 nor
528 3233 678 3282 intentioris
694 3246 745 3282 ean
762 3233 795 3282 be
820 3234 874 3283 this
886 3233 988 3283 section
1001 3235 1023 3282 is
1032 3233 1114 3283 bitter
1126 3233 1211 3295 irony.
1247 3233 1336 3295 luget

279 3309 378 3372 jndged
401 3309 570 3372 separately:
593 3310 661 3359 both
678 3309 747 3357 have
764 3313 794 3358 to
818 3313 953 3366 senatus,
966 3317 1031 3359 etc:
1048 3309 1082 3359 et.
1101 3311 1144 3358 ior
1155 3310 1202 3358 the
1211 3309 1337 3372 descrip-

279 3385 312 3434 be
323 3385 488 3435 considered.
818 3386 967 3445 tion,‘Sest.
981 3385 1026 3433 32
1039 3389 1052 3434 1
1065 3385 1092 3435 f.'

312 3462 374 3522 520.
392 3461 439 3519 50,
451 3462 496 3509 51.
514 3461 687 3521 Quotiens.
704 3495 709 3508 .
727 3496 733 3508 .
751 3461 792 3510 ef·
850 3463 914 3523 521.
928 3461 1029 3510 11-14.
1046 3461 1141 3518 illum,
1154 3460 1273 3510 Clodius.
1293 3474 1335 3512 ne

278 3536 355 3598 iugi:
372 3538 422 3589 We
434 3539 514 3587 know
522 3539 551 3588 ot
564 3553 601 3605 no
610 3537 694 3586 direct
701 3538 793 3586 attack
817 3538 977 3588 videretur
994 3573 1000 3586 .
1017 3573 1023 3585 .
1040 3573 1046 3586 .
1063 3538 1187 3600 3101100,
1201 3537 1269 3586 ‘lest
1284 3539 1335 3588 1110

280 3627 353 3675 upon
373 3614 466 3664 Cicero
484 3615 519 3676 by
534 3613 657 3663 Clodius:
683 3627 726 3662 see
746 3614 793 3662 the
817 3616 997 3676 genuineness
1023 3615 1052 3663 01
1083 3615 1155 3663 their
1177 3614 1337 3664 reconcille-

279 3695 344 3738 note
355 3704 391 3740 on
403 3691 473 3740 Mur.
489 3689 534 3739 ⁷9.
547 3690 586 3741 27.
817 3692 875 3740 tion
909 3691 997 3753 might
1037 3704 1110 3740 seem
1150 3690 1332 3751 impeached.’

818 3767 927 3818 Clodius
939 3768 991 3817 and
1002 3766 1208 3830 Pompeiushad
1220 3766 1336 3818 beccum

310 3841 373 3894 1-4.
391 3841 636 3903 801101111αο10.;
649 3842 793 3892 therestot
816 3842 967 3894 reconoiled
984 3843 1013 3892 in
1025 3842 1065 3896 54.
