2838 4380
406 323 460 378 ur.
484 321 575 390 xvi,
599 323 613 390 s
636 326 665 390 93
687 322 794 390 xvn,
818 324 833 389 s
855 327 879 377 2.
1122 307 1187 379 409

87 495 145 563 ubi
176 499 258 562 sim:
290 517 379 573 nam,
403 499 430 563 si
454 499 520 563 erit
543 521 652 575 causa,
677 500 707 563 si
730 497 813 584 quid
836 506 965 585 agetur,
989 499 1018 562 si
1041 519 1134 584 spem

87 601 212 678 videro,
230 609 291 666 aut
306 601 429 667 ibidem
446 606 599 689 opperiar
614 611 675 667 aut
690 625 742 669 me
758 601 801 666 ad
816 611 850 668 te
866 602 1056 678 conferam3
1072 604 1135 680 sin,
1159 621 1172 664 s

87 716 127 772 ut
146 714 184 771 tu
207 706 334 781 scribis,
360 708 424 772 ista
448 709 657 784 evanuerint,
673 706 803 792 aliquid
826 705 919 770 aliud
937 705 1133 772 videbimus.

88 812 235 877 Omnino
260 811 370 877 adhuc
396 812 480 876 nihil
505 812 587 877 mihi
618 811 816 898 significatis
840 811 904 876 nisi
935 809 1133 875 discordiam

86 917 235 993 istorum,
253 937 339 1001 quae
357 924 469 981 tamen
484 917 574 981 inter
589 937 645 981 eos
661 914 703 980 de
719 914 874 980 omnibus
897 916 1011 1000 potius
1035 915 1133 980 rebus

86 1024 138 1082 est
153 1038 254 1102 quam
269 1016 310 1082 de
324 1038 396 1092 me;
413 1017 539 1103 itaque,
553 1015 636 1102 quid
652 1037 691 1080 ea
703 1015 785 1080 mihi
800 1017 916 1100 prosit,
933 1015 1057 1092 nescio,
1074 1014 1134 1081 sed

86 1130 208 1198 tamen,
225 1119 337 1207 quoad
353 1141 404 1185 me
421 1143 481 1186 vos
496 1141 629 1207 sperare
645 1120 761 1197 vultis,
779 1119 874 1185 vobis
891 1119 1138 1204 obtemperabo
1160 1134 1187 1180 10

86 1225 182 1303 Nam,
199 1224 291 1311 quod
306 1246 358 1290 me
382 1233 452 1290 tam
474 1246 572 1311 saepe
596 1233 631 1289 et
653 1232 722 1289 tarn
739 1223 956 1289 vehementer
978 1222 1134 1310 obiurgas
1151 1226 1190 1288 2=

86 1338 122 1395 et
151 1331 262 1394 animo
293 1330 425 1396 infirmo
455 1351 528 1394 esse
560 1328 654 1405 dicis,
687 1349 821 1413 quaeso,
846 1327 977 1418 ecquod
1000 1335 1133 1392 tantum

85 1434 211 1498 malum
241 1441 303 1511 est,
335 1432 426 1518 quod
452 1435 487 1498 in
515 1453 588 1498 mea
617 1433 805 1498 calamitate
829 1433 988 1497 nonsit?
1018 1432 1133 1517 ecquis

86 1560 245 1623 umquam
261 1545 330 1602 tam
347 1559 388 1602 ex
404 1538 516 1623 amplo
531 1544 635 1615 statu,
653 1545 723 1602 taur
739 1538 774 1600 in
791 1536 878 1602 bona
901 1557 1011 1614 causa,
1028 1536 1132 1601 tantis

84 1641 305 1707 facultatibus
337 1643 475 1729 ingenii,
499 1642 641 1719 consilii,
665 1641 805 1728 gratiae,
830 1641 933 1706 tantis
960 1639 1134 1727 praesidiis
1158 1657 1186 1702 15

85 1747 248 1812 bonorum
271 1747 422 1810 omnium
445 1745 616 1811 concidit?
638 1766 776 1831 possum
799 1744 964 1822 oblivisci,
982 1745 1040 1830 qui
1064 1744 1134 1809 iue-

84 1852 172 1916 rim?
201 1872 269 1915 non
292 1851 427 1926 sentire,
452 1851 510 1936 qui
542 1850 632 1916 sim?
663 1870 730 1935 quo
754 1870 883 1913 caream
906 1848 1042 1926 honore,
1067 1869 1134 1932 qua

84 1955 202 2043 gloria,
235 1954 357 2040 quibus
397 1954 519 2031 liberis,
552 1953 674 2040 quibus
712 1952 870 2029 fortunis,
902 1973 970 2037 quo
1008 1952 1134 2017 fratre?

85 2080 187 2145 quem
203 2080 276 2146 eg0,
294 2066 333 2123 ut
356 2080 482 2124 novum
506 2057 706 2123 calamitatis
731 2078 839 2142 genus
864 2057 1029 2134 attendas,
1054 2076 1132 2122 cum

84 2164 193 2250 pluris
223 2162 368 2228 facerem
400 2185 501 2249 quam
524 2184 575 2227 me
606 2164 717 2247 ipsum
747 2181 944 2246 semperque
972 2160 1135 2238 fecissem,
1158 2179 1189 2225 ac

86 2269 193 2334 vitavi
215 2289 257 2332 ne
281 2267 441 2343 viderem,
459 2289 500 2331 ne
524 2274 585 2330 aut
607 2266 699 2330 illius
722 2266 854 2331 luctum
878 2266 1134 2352 squaloremque

85 2373 266 2457 aspicerem
282 2380 343 2436 aut
357 2393 421 2448 me,
439 2392 541 2456 quem
563 2370 620 2435 ille
644 2369 920 2435 florentissimum
943 2371 1134 2456 reliquerat,

85 2476 255 2563 perditum
272 2476 323 2540 illi
338 2475 566 2560 afflictumque
584 2473 747 2541 offerrem.
796 2473 899 2539 Mitto
915 2484 1026 2541 cetera
1052 2475 1136 2540 into·

84 2581 254 2656 lerabilia3
282 2581 409 2646 etenim
431 2578 513 2645 fletu
538 2578 709 2664 impedior.
765 2577 832 2642 Hic
858 2586 973 2643 utrum
998 2578 1133 2661 tandem

86 2706 161 2749 sum
176 2683 394 2760 accusandus,
407 2682 498 2769 quod
514 2682 621 2759 doleo,
637 2704 690 2759 an,
708 2682 798 2768 quod
822 2684 982 2758 commisi,
999 2691 1039 2746 ut
1054 2683 1135 2748 haec
1158 2697 1189 2743 ac

86 2810 155 2868 non
170 2797 231 2854 aut
245 2790 423 2855 retinerem
433 2787 578 2873 -quod
595 2785 694 2853 facile
710 2786 840 2864 fuisset,
852 2788 917 2854 nisi
928 2788 1016 2852 intra
1032 2787 1135 2872 parie-

86 2902 138 2959 tes
153 2915 244 2958 meos
260 2893 302 2958 de
318 2913 391 2958 mea
406 2893 553 2978 pernicie
568 2891 707 2956 consilia
723 2893 889 2958 inirentur
900 2931 953 2968 —,
970 2904 1030 2955 aut
1045 2898 1134 2956 certe

119 3099 239 3157 §1.4-8.
257 3100 322 3158 sim,
335 3114 364 3149 as
377 3099 405 3148 in
417 3100 466 3162 Ep.
482 3099 564 3148 XIII.
575 3098 600 3146 1.
656 3097 704 3155 52.
724 3098 825 3148 11-20.
844 3098 930 3162 quod
950 3135 955 3146 .
978 3134 984 3146 .
1008 3134 1013 3145 .
1035 3097 1137 3147 oblur-

86 3179 111 3227 4.
135 3175 261 3233 ibidem,
273 3176 315 3225 ‘ln
324 3176 370 3225 the
378 3176 452 3238 place
464 3177 521 3239 just
528 3189 602 3225 rnen·
622 3187 691 3236 gas:
709 3173 819 3236 explain
837 3175 883 3224 the
906 3174 1003 3224 clause.
1039 3172 1137 3235 pluris

88 3252 200 3304 tioned.’
236 3250 277 3300 ad
293 3254 333 3309 te,
347 3251 392 3301 ‘to
403 3266 470 3314 your
487 3251 599 3301 houset’
623 3249 760 3299 tacerem
777 3286 782 3298 .
801 3285 806 3297 .
827 3249 1003 3307 .feoissem,
1018 3249 1106 3298 ‘since
1125 3248 1137 3297 I

89 3344 134 3380 see
155 3343 190 3378 ou
214 3327 236 3377 I.
260 3327 306 3376 19.
332 3329 355 3377 4.
392 3329 435 3378 He
457 3343 553 3378 means
573 3333 603 3377 to
625 3326 712 3387 cared,
723 3326 776 3374 and
790 3326 887 3387 always
899 3325 953 3374 had
965 3325 1043 3374 carad
1054 3338 1136 3386 more,

90 3405 256 3466 Buthrotum
265 3401 326 3466 (Ep.
338 3403 421 3454 XIII.
430 3404 456 3453 1.
468 3405 504 3466 6),
514 3405 603 3454 where
625 3408 675 3452 etc.
684 3402 704 3450 τ’
723 3403 766 3451 for
774 3402 909 3462 pluriscf.
922 3403 1074 3463 permayot,
1086 3401 1135 3463 up.

89 3495 163 3532 news
185 3480 264 3530 could
288 3479 393 3543 behad
413 3494 487 3531 more
511 3479 600 3542 easily.
626 3479 660 3529 V.
675 3476 700 3526 3.
718 3480 757 3529 28.

89 3559 158 3616 ista,
177 3549 270 3607 ‘those¹
288 3557 372 3620 hopes
390 3557 419 3607 of
441 3557 547 3619 yours:'
566 3558 601 3606 cf.
658 3554 759 3605 24-27.
776 3554 845 3612 Hic,
863 3554 965 3605 ‘under
989 3554 1065 3605 these
1088 3554 1139 3604 cir·

90 3637 140 3697 Ep.
150 3633 214 3684 XV.
224 3633 249 3682 2.
258 3635 297 3684 26.
331 3631 522 3682 dinoordiam
529 3632 604 3682 Isto·
627 3630 824 3680 cumstances:’
839 3645 882 3680 see
893 3645 929 3680 ou
942 3631 979 3680 ll.
991 3628 1135 3689 1s.14;ct.

90 3723 171 3760 rum:
192 3709 304 3760 Clodius
320 3709 374 3758 had
392 3707 499 3771 already
517 3707 604 3770 begun
627 3707 677 3769 Ep.
690 3705 827 3757 111.4.47.
847 3705 924 3755 haec
932 3717 995 3754 non
1003 3708 1064 3762 aut,
1072 3710 1138 3754 etc:

91 3785 135 3836 his
146 3777 252 3836 attacks
262 3779 337 3848 upon
350 3783 449 3834 Caesar
460 3783 514 3833 and
525 3783 605 3833 Pom·
628 3784 682 3843 i.e.‚
692 3781 727 3830 he
735 3780 831 3830 should
839 3781 909 3830 have
919 3780 1085 3830 maintaIned
1095 3779 1139 3830 his

90 3862 182 3932 peius:
198 3875 243 3913 see
255 3875 280 3927 p.
294 3859 335 3924 45,
347 3856 360 3918 t
372 3859 412 3910 82.
627 3857 732 3923 ground
745 3872 776 3907 or
785 3856 838 3908 lost
848 3856 869 3908 u
878 3856 941 3922 only
951 3856 1019 3908 with
1026 3856 1070 3908 his
1081 3855 1137 3912 lite.
