2954 4374
473 295 553 348 cnr.
579 297 666 353 ar-se,
694 299 707 358 5
731 298 816 346 rut-re.
1159 285 1222 350 193

121 469 280 554 cuiquam
295 467 431 532 inimico
447 489 519 533 esse
535 467 681 532 deberet.
728 467 949 553 Respondebo
973 469 1078 557 igitur
1093 471 1172 536 Pos·
1183 475 1221 539 57

121 583 216 639 tumo
232 573 386 659 primum,
403 557 461 657 qui
485 572 681 657 nescioquo
705 579 803 658 pacto
827 572 907 637 mihi
924 573 1059 640 videtur
1081 597 1171 661 prae·

121 680 227 742 torius
254 675 453 742 candidatus
480 677 515 741 in
542 677 750 741 consularem
780 678 878 762 quasi
906 676 1110 744 desultorius
1134 681 1169 744 in

121 782 359 868 quadrigarum
375 781 580 846 curriculum
597 781 777 846 incurrere.
816 780 924 847 Cuius
936 784 1169 868 competitores

120 890 148 952 si
181 887 265 950 nihil
295 884 524 971 deliquerunt,
555 884 714 971 dignitati
744 906 857 949 eornm
890 886 1063 964 concessit,
1093 909 1169 952 cum
1193 905 1222 949 ss

120 1000 233 1077 petere
264 990 416 1066 destitit;
447 990 500 1055 siu
523 997 636 1055 autem
659 1011 774 1054 eorum
797 988 920 1074 aliquis
943 990 1084 1077 largitus
1108 1001 1170 1068 est,
1218 1051 1221 1056 .

10 1137 11 1142 κ
120 1095 331 1181 expetendus
361 1096 487 1159 amicus
517 1102 578 1172 est,
609 1095 669 1179 qui
699 1094 841 1158 alienam
873 1094 985 1179 potius
1015 1095 1170 1161 iniuriam

120 1223 222 1286 quarn
238 1221 332 1264 suern
348 1205 578 1285 persequatur.

165 1306 223 1369 Du
239 1304 404 1369 Posrumr
430 1321 658 1380 canusinae,
675 1321 724 1369 bu
749 1303 864 1368 Suavi
885 1319 1168 1371 annumeremus.

153 1426 290 1474 xxv111.
322 1409 431 1474 Venio
456 1430 546 1473 nunc
571 1406 614 1472 ad
643 1407 689 1472 Μ.
716 1407 890 1486 Catonem,
915 1408 1007 1495 quod
1031 1419 1085 1476 cst
1108 1410 1159 1475 iir-
1181 1413 1221 1477 58

120 1521 327 1580 mamentum
357 1535 394 1578 ac
424 1513 527 1578 robur
554 1513 658 1578 totius
686 1513 933 1588 accusationis;
966 1515 1025 1598 qui
1056 1521 1168 1580 tamen

120 1622 167 1684 ita
191 1619 304 1704 gravis
330 1626 383 1682 est
406 1625 580 1682 accusator
603 1624 639 1681 et
665 1616 855 1693 vehemens»,
872 1626 913 1682 ut
933 1617 1040 1682 multo
1063 1619 1169 1704 magis

121 1726 193 1789 eius
224 1723 458 1788 auctoritatem
489 1743 590 1807 quam
626 1722 893 1788 criminationem
927 1722 1168 1808 pertimescam.

122 1829 162 1892 ln
186 1849 255 1913 quo
276 1849 338 1914 ego
362 1834 564 1904 accusatore,
581 1824 720 1902 iudices,
738 1827 882 1912 primum
905 1825 993 1892 illud
1016 1825 1169 1913 depreca·
1204 1843 1220 1890 s

121 1933 188 2009 bor,
206 1953 247 1996 ne
264 1931 346 2016 quid
362 1931 400 1994 L.
419 1930 579 1996 Murenae
596 1930 743 2017 dignitas
759 1932 862 2006 illins,
880 1953 921 1996 ne
946 1931 1030 2017 quid
1053 1953 1170 2018 expec-

120 2039 205 2102 tatio
242 2035 444 2111 tribunatus,
476 2057 518 2100 ne
555 2034 639 2120 quid
677 2037 782 2100 totius
814 2037 903 2101 vitae
941 2035 1100 2122 splendor
1134 2045 1170 2102 et

119 2142 268 2228 gravitas
283 2147 413 2216 noceat,
429 2138 576 2224 denique
594 2161 634 2204 ne
651 2161 689 2204 ea
704 2140 767 2204 soli
783 2139 861 2206 huic
885 2139 997 2206 obsint
1018 2140 1105 2207 bona
1120 2141 1167 2206 M.

119 2326 220 2378 natus,
235 2320 342 2371 ‘whom
353 2321 410 2370 iate
422 2321 500 2370 made
510 2335 526 2370 a
537 2320 634 2371 citizen
685 2320 734 2380 ³⁷·
751 2319 955 2384 expetendus,
963 2325 1025 2382 ete,
1037 2320 1086 2372 ‘hc
1095 2322 1170 2381 (Pos-

119 2398 149 2448 oi
172 2399 257 2446 Rome
279 2397 323 2446 ior
342 2397 398 2445 this
420 2409 548 2458 purpose,
572 2395 634 2445 etc’
656 2396 759 2461 tumus)
777 2399 799 2447 is
813 2397 930 2447 atriend
943 2398 1030 2449 worth
1047 2399 1167 2463 secking,

119 2471 486 2534 autumamusintsb.
501 2473 539 2522 11.
655 2475 815 2535 sshs,etc.'
851 2473 910 2524 The
922 2475 1000 2537 point
1012 2474 1061 2525 lies
1076 2476 1105 2524 ln
1121 2477 1169 2525 the

152 2548 216 2606 557.
236 2549 282 2598 33.
299 2548 569 2598 desultorius:
597 2562 633 2598 sc.
657 2551 767 2601 ironica!
797 2552 962 2613 expetendus
990 2553 1105 2612 amicus,
1138 2565 1168 2601 ss

120 2641 214 2690 equus.
251 2625 310 2676 The
322 2626 443 2676 desultor
455 2626 636 2676 wasscircns
656 2631 810 2689 Postumus,
838 2630 901 2680 who
928 2628 1014 2693 ought
1041 2635 1070 2680 to
1098 2630 1168 2680 hare

119 2705 272 2767 performer
290 2703 352 2752 who
374 2703 438 2752 rode
456 2708 511 2753 two
533 2703 634 2762 homes,
656 2707 722 2755 been
746 2720 763 2754 s
783 2719 866 2754 wsrm
888 2705 978 2755 iriend
1000 2705 1031 2755 oi
1054 2706 1169 2756 Murena

120 2780 230 2843 leaping
241 2780 313 2830 irom
324 2794 376 2830 one
388 2785 416 2830 tc
427 2780 543 2830 another
555 2780 635 2830 while
657 2783 683 2844 (ξ
692 2783 733 2844 56,
746 2781 847 2844 22-26),
860 2782 911 2832 hss
928 2795 998 2846 gone
1013 2788 1063 2833 ont
1079 2784 1110 2833 oi
1125 2783 1169 2832 his

120 2863 149 2907 st
172 2857 223 2906 inll
246 2855 336 2918 speed.
372 2855 431 2906 The
448 2856 635 2919 periormsnce
657 2874 713 2922 way
726 2864 906 2922 toprosecute
918 2859 984 2908 him.
1020 2862 1076 2917 est,
1094 2859 1168 2908 inde·

119 2948 176 2984 was
189 2932 345 2982 considered
363 2933 474 2982 inierlor
485 2937 515 2983 tc
531 2934 636 2983 chariot
655 2935 775 2998 pendent
786 2935 862 2985 verb:
879 2927 997 2996 ct'erat,
1008 2935 1023 2996 5
1034 2935 1073 2984 46.
1087 2936 1110 2984 2.

120 3011 223 3072 racing,
234 3009 289 3059 and
300 3009 348 3060 the
360 3011 441 3059 horse
449 3010 479 3059 oi
491 3010 538 3060 the
549 3011 636 3060 desal—
686 3011 732 3061 39.
753 3012 805 3060 Du
829 3049 835 3062 .
861 3048 868 3062 .
894 3047 900 3062 .
926 3022 1164 3062 nunnuscnurrs.

121 3088 199 3138 toris
212 3087 423 3149 representedas
440 3087 531 3150 trying
547 3092 576 3136 to
592 3094 636 3149 get
657 3090 721 3138 Part
742 3090 771 3138 oi
795 3089 843 3138 the
868 3089 974 3138 oration
1004 3089 1026 3138 is
1054 3086 1167 3137 omitted

120 3169 170 3214 cut
191 3164 221 3213 ci
248 3163 291 3212 his
312 3162 390 3213 class.
425 3163 519 3213 Cicero
543 3177 637 3212 means
655 3167 718 3214 here
731 3167 758 3214 in
768 3166 858 3214 which
869 3164 964 3214 Cicero
975 3164 1112 3215 answered
1122 3165 1169 3213 the

121 3242 184 3291 that
196 3241 350 3301 Postumus,
363 3253 380 3289 a
391 3239 534 3289 candidate
546 3239 589 3290 ior
600 3253 635 3288 an
655 3243 765 3304 charges
783 3243 812 3291 ci
830 3243 877 3291 the
896 3241 1093 3302 subscriptores
1109 3239 1169 3290 Sui-

120 3317 199 3367 offlce
218 3317 330 3366 interior
346 3321 376 3366 tc
399 3317 446 3366 the
468 3316 635 3378 consulship,
656 3319 741 3381 picius
764 3318 818 3367 and
841 3319 1000 3368 Postumus:
1021 3331 1065 3367 see
1087 3331 1112 3380 p.
1128 3318 1167 3377 16,

121 3394 176 3445 had
187 3394 273 3443 better
281 3393 351 3443 have
361 3393 412 3443 leit
423 3393 470 3442 the
479 3393 636 3443 candidates
655 3396 669 3457 5
682 3395 721 3456 16,
734 3394 767 3444 ad
780 3395 826 3444 fin.

120 3471 166 3522 ior
183 3471 231 3520 the
247 3469 328 3527 latter
344 3475 373 3518 to
390 3468 469 3520 settle
486 3470 559 3519 their
574 3483 635 3519 own

121 3549 290 3599 cinerences.
688 3550 753 3610 558.
772 3548 798 3606 1,
816 3549 842 3597 2.
860 3547 946 3610 quod
963 3583 969 3595 .
986 3583 992 3595 .
1010 3583 1016 3596 .
1033 3546 1103 3610 qul:
1125 3545 1170 3596 ior

153 3624 256 3674 34-36.
274 3623 371 3674 Cuius
402 3625 636 3686 competitores,
655 3625 763 3688 gender,
789 3623 893 3686 s.1es;
913 3623 946 3674 G.
965 3624 1013 3674 616
1028 3625 1053 3685 3,
1068 3623 1111 3686 II;
1130 3623 1167 3672 Η.

122 3705 178 3763 ie,
197 3703 240 3752 ior
250 3703 298 3752 the
315 3702 494 3765 praetorship.
529 3704 636 3762 petere
655 3702 702 3751 445
713 3702 743 3764 4;
759 3703 789 3750 P.
803 3702 851 3751 343
862 3715 888 3750 a.

121 3779 256 3839 destitit,
278 3779 362 3842 ‘gare
384 3792 422 3841 up
439 3777 483 3827 his
502 3777 634 3839 canvsss,’
687 3777 750 3826 5-7.
767 3776 1000 3839 deprecaborss
1012 3777 1041 3826 in
1052 3777 1074 3827 1.
1086 3775 1131 3824 2⁷.
1143 3777 1167 3825 2.

123 3856 282 3908 ‘withdraw
294 3855 337 3906 nis
352 3854 452 3906 name'
656 3854 839 3922 expectatio
865 3852 1051 3906 tribunatus.
1101 3851 1171 3907 Cato
