2870 4376
170 325 173 330 ·
255 307 319 377 522
601 321 672 377 eno
695 321 724 377 r.
750 322 878 378 sasrro
900 321 1049 379 oanrro.

307 497 462 560 deditus.'
509 497 602 561 Nihil
620 498 688 562 vidi
706 499 832 586 magis3
857 500 925 584 qui,
943 521 1019 563 eum
1037 500 1110 564 eius
1126 499 1366 567 adulescentia

255 618 284 662 20
306 603 339 663 in
356 603 568 686 amplissimis
586 603 767 667 honoribus
782 605 905 667 summi
923 605 995 678 viri,
1011 603 1047 666 L.
1066 603 1215 689 Philippi
1232 606 1364 681 vitrici,

308 703 423 769 llorere
447 707 621 790 potuisset,
639 728 746 791 usque
763 729 802 770 eo
827 729 893 770 non
917 707 984 770 fuit
1008 708 1190 793 popularis,
1207 715 1248 773 ut
1271 709 1366 773 bona

233 830 235 835 ·
308 810 398 874 solus
415 817 587 874 comesset.
636 811 766 874 Deinde
783 833 826 874 ex
844 812 963 896 inpuro
978 810 1195 878 adulescente
1211 820 1249 878 et
1263 823 1366 898 petu-

307 914 408 990 lante,
425 921 644 999 posteaquam
669 937 738 978 rem
763 923 933 999 paternam
960 915 1001 978 ab
1026 914 1207 980 idiotarum
1226 915 1364 982 divitiis

306 1017 348 1080 ad
384 1017 656 1103 philosophorum
697 1019 841 1091 reeulam
881 1017 1050 1103 perduxit,
1084 1018 1291 1085 Graeculum
1324 1043 1363 1086 se

254 1139 283 1184 25
304 1129 406 1206 atque
423 1122 568 1186 otiosum
592 1124 702 1207 putari
720 1122 838 1197 voluit,
855 1121 969 1186 studio
986 1122 1174 1214 litterarum
1192 1146 1227 1188 se
1244 1125 1364 1190 subito

306 1226 445 1292 dedidit.
493 1226 587 1289 Nihil
614 1228 800 1291 suavitates
830 1227 993 1291 iuvabant
1017 1235 1232 1315 anagnostae,
1250 1229 1361 1293 libelli

233 1381 236 1430 i
306 1331 406 1394 etiam
423 1352 520 1416 saepe
538 1353 597 1416 pro
615 1333 693 1395 vino
706 1332 1034 1417 oppignerabantur3
1059 1331 1216 1396 manebat
1231 1333 1364 1396 insatu-

307 1434 407 1499 rabile
448 1434 620 1511 abdomen,
652 1425 765 1520 copiae
797 1435 1006 1500 deficiebant.
1067 1437 1187 1521 Itaque
1224 1458 1363 1522 semper

306 1540 504 1604 versabatur
520 1541 554 1603 in
572 1562 758 1625 spererum
775 1561 947 1617 novarum,
966 1543 1034 1605 otio
1050 1548 1086 1605 et
1109 1541 1362 1626 tranquillitate

254 1659 283 1704 ao
305 1645 351 1708 rei
379 1643 531 1729 publicae
560 1643 827 1709 consenescebat.
876 1661 934 1707 L11.
971 1645 1106 1730 quuae
1134 1643 1257 1708 seditio
1291 1667 1363 1708 um·

306 1769 407 1833 quam
426 1747 501 1825 fuit,
519 1750 553 1812 in
570 1771 637 1834 qua
661 1770 727 1813 non
751 1750 807 1813 ille
836 1749 1136 1834 p1·ineeps?eequi
1163 1748 1363 1824 seditiosae,

306 1853 360 1916 eui
377 1852 434 1916 ille
451 1873 517 1916 non
534 1851 734 1916 familiaris?
756 1874 881 1938 ecquae
898 1853 1095 1917 turbulenta
1118 1853 1241 1929 eonti0‚
1259 1856 1363 1918 euius

306 1957 363 2020 ille
380 1977 446 2020 non
463 1957 671 2021 concitator?
693 1957 748 2020 eui
766 1956 952 2026 benedixit
967 1979 1128 2042 umquam
1145 1957 1256 2020 bono?
1273 1957 1363 2022 bene

268 2060 416 2124 edixit?
439 2061 540 2123 immo
557 2083 657 2144 quem
683 2060 804 2125 fortem
827 2068 863 2124 et
885 2061 1010 2125 bonum
1035 2063 1143 2124 civem
1167 2082 1235 2123 uon
1264 2072 1365 2145 petu-

305 2165 490 2229 lantissime
514 2172 565 2229 est
587 2165 796 2229 insectatus?
821 2165 890 2250 qui,
917 2172 956 2228 ut
978 2164 1087 2239 eredo,
1113 2185 1180 2227 non
1206 2164 1364 2231 libidinis

306 2291 416 2344 eausa,
433 2268 493 2333 sed
509 2276 549 2332 ut
565 2269 728 2352 plebicola
744 2267 927 2343 videretur,
945 2268 1134 2332 libertinam
1152 2266 1254 2332 duxit
1280 2291 1366 2334 uxo

236 2377 290 2437 111
306 2395 384 2437 rem.
432 2373 465 2436 ls
482 2372 522 2436 de
548 2395 599 2436 me
623 2371 822 2459 suffragium
848 2373 939 2449 tulit,
956 2373 984 2434 is
1008 2371 1129 2448 adluit,
1147 2373 1175 2436 is
1199 2373 1366 2438 interfuit

307 2477 415 2562 epulis
439 2484 474 2541 et
495 2476 778 2563 gratulationibus
806 2475 1067 2562 parricidarum3
1092 2476 1127 2538 iu
1152 2497 1220 2561 quo
1245 2483 1365 2542 tamen

335 2714 429 2764 19-25
473 2714 559 2763 Nihil
599 2714 666 2763 vidi
713 2715 817 2776 magis,
842 2715 889 2765 the
922 2715 1099 2765 diminutives
1131 2728 1176 2764 are
1205 2719 1366 2780 contempt·

307 2791 337 2840 ‘I
372 2793 442 2841 have
475 2806 538 2842 seen
578 2805 614 2840 no
652 2804 704 2840 one
743 2805 816 2841 more
841 2806 918 2842 uous.

304 2867 438 2917 devoted!
474 2868 549 2918 With
572 2869 659 2928 moola
681 2881 716 2917 sc.
742 2868 816 2917 dedi-

305 2947 379 2994 tam:
396 2944 465 2994 nihil
482 2945 504 2994 is
521 2944 598 2994 often
620 2943 685 2992 used
708 2944 737 2993 of
759 2958 816 3006 per·
872 2945 898 3003 6,
911 2945 936 2994 7.
954 2949 990 2994 ut
1014 2944 1117 3003 eredo,
1131 2943 1257 2994 ironleal:
1279 2947 1365 2996 credo

304 3035 375 3070 sons.
406 3020 465 3082 qui,
480 3031 552 3069 oum
574 3056 579 3067 .
600 3056 629 3068 ..
652 3020 815 3082 potuisset.
840 3022 917 3072 alone
926 3023 948 3072 is
958 3035 1033 3072 more
1045 3020 1131 3071 usual.
1166 3019 1366 3083 plebicolas

306 3096 391 3158 ‘wh0,
416 3097 547 3160 although
565 3097 608 3146 his
626 3097 710 3158 youth
728 3097 815 3159 might
839 3097 902 3161 play
913 3113 987 3162 upon
1000 3097 1112 3149 Gellius’
1132 3112 1301 3160 cognomen:
1318 3115 1365 3151 see

304 3174 373 3223 have
404 3174 469 3223 been
499 3173 637 3236 respected
666 3174 739 3222 amid
768 3174 815 3222 the
840 3188 876 3223 on
898 3175 915 3223 1.
936 3177 974 3225 15.
1009 3174 1188 3224 libertinam
1211 3186 1366 3225 uxorem:

272 3283 274 3287 -
304 3250 404 3300 honors
415 3251 445 3300 of
456 3251 499 3300 his
511 3250 680 3312 step-father,
688 3250 749 3299 etc)
784 3250 815 3297 11.
840 3252 999 3314 amarriage
1012 3265 1066 3301 was
1078 3249 1210 3314 perfectly
1223 3251 1301 3302 valid
1314 3253 1366 3302 but

303 3325 446 3389 Philippi,
458 3327 554 3378 consul
574 3328 601 3376 in
620 3328 661 3388 91,
675 3340 769 3376 censor
787 3327 815 3376 in
840 3327 1088 3378 discountenanced
1101 3328 1136 3390 by
1148 3327 1258 3390 society.
1431 3389 1432 3397 ἵ

304 3404 344 3465 86,
357 3404 411 3453 and
427 3418 443 3453 a
461 3403 626 3466 respectable
641 3409 738 3452 orator.
775 3414 815 3451 ex
872 3401 960 3460 5111.
980 3403 1006 3462 8,
1029 3403 1055 3453 9.
1082 3404 1116 3452 is
1144 3401 1300 3452 adluit:
1325 3420 1364 3456 se.

303 3479 415 3542 inpuro
447 3479 658 3536 adulescente,
690 3479 776 3528 ‘after
800 3493 816 3527 a
841 3481 967 3541 comitiis,
976 3494 1012 3529 an
1020 3480 1222 3529 answertothe
1232 3482 1367 3542 question

304 3557 388 3618 youth
407 3557 436 3606 of
457 3556 605 3606 lewdness.'
640 3555 815 3612 idiotarum,
840 3557 869 3604 in
887 3557 901 3618 ξ
918 3557 973 3606 109.
987 3557 1010 3606 6.
1047 3556 1155 3618 epulis,
1176 3556 1368 3617 gratulatio·

306 3634 351 3683 ‘of
365 3633 411 3683 the
426 3633 610 3694 uninitiated‚’
625 3633 687 3682 who
698 3633 815 3695 imaglne
839 3632 948 3682 nibus:
960 3634 1004 3682 for
1011 3634 1058 3682 the
1065 3632 1182 3682 allusion
1191 3633 1226 3681 ef.
1239 3631 1305 3695 554.
1321 3635 1365 3684 30.

306 3709 365 3758 that
377 3709 475 3759 wealth
489 3711 512 3760 is
525 3723 542 3759 a
555 3707 686 3772 blessing!
722 3707 815 3756 Grae·
840 3708 1072 3770 parricidarum,
1083 3709 1111 3757 in
1130 3708 1251 3771 polltieal
1268 3724 1367 3761 sense:

305 3785 409 3834 culum
438 3790 533 3848 atque
556 3785 641 3835 otio
668 3797 758 3842 sum,
783 3784 816 3833 ‘a
840 3785 875 3834 ef.
896 3785 1062 3847 parricidio,
1084 3782 1249 3848 Su11.,6.3a
1290 3785 1368 3837 Who

304 3861 410 3911 scholar
436 3863 490 3912 and
513 3876 530 3912 a
551 3875 615 3911 man
637 3861 666 3911 of
693 3861 813 3911 letterst’
840 3875 886 3911 are
897 3861 1014 3912 meant?
