2870 4376
275 285 339 350 530
629 299 701 350 rao
723 300 754 350 r.
771 299 906 350 xsuerro
929 255 1078 349 oanrross

253 456 304 531 '15
326 477 361 535 et
377 469 566 537 mehercule
590 491 721 555 semper
743 471 890 554 partium
914 471 948 533 in
972 492 1006 534 re
1030 468 1165 554 publica
1188 476 1372 562 tamquam

233 616 240 642 ι,
326 575 361 638 in
377 595 497 640 scaena
513 574 714 659 optimarum
738 573 821 640 flens
846 582 880 639 et
903 575 1029 640 recenti
1056 575 1185 638 laetitia
1211 582 1246 638 et
1269 575 1373 638 mixto

326 677 440 744 dolore
457 699 494 744 ae
513 677 679 747 desiderio
702 679 768 742 mei
792 679 863 764 egit
885 677 974 761 apud
998 679 1160 762 populum
1187 678 1373 762 Romanum

312 779 434 852 inulto
457 778 668 864 gravioribus
685 776 794 842 verbis
819 799 925 841 meam
951 799 1095 853 causam,
1113 799 1214 862 quam
1242 788 1375 862 egomet

327 881 433 949 deme
446 903 543 969 agere
560 882 771 966 potuissem?
819 880 947 946 Summi
963 883 1051 946 enim
1065 885 1183 965 politae
1201 882 1375 967 ingenium

273 1001 303 1047 ao
325 1009 393 1051 non
408 987 518 1052 solum
534 993 605 1050 arte
622 1007 693 1062 sua,
710 985 886 1052 sedetiam
903 985 1016 1049 dolore
1033 984 1250 1070 exprimebat.
1299 983 1376 1064 Qua

323 1113 414 1158 enim
431 1113 483 1156 vr:

441 1212 520 1296 qui
559 1233 647 1277 rem
686 1210 918 1296 publicam
956 1217 1087 1276 certo
1130 1211 1275 1274 animo
1314 1210 1377 1275 ad-

729 1315 915 1391 iuverit,

380 1419 628 1496 statuerit,
653 1418 967 1485 steteritoum
992 1418 1244 1483 Achivis-
1279 1473 1281 1477 .

271 1572 301 1618 ac
324 1557 496 1623 vobiscum
523 1580 575 1622 me
603 1558 737 1622 stetisse
765 1557 907 1632 dicebat,
924 1563 1054 1622 vestros
1081 1555 1213 1622 ordines
1242 1556 1380 1624 demon·

324 1661 473 1727 strabatl
497 1661 717 1726 revocabatur
732 1661 773 1726 ab
789 1661 964 1726 universis.

370 1781 430 1845 Rc
453 1778 588 1844 dubia

370 1885 494 1949 Haiit
517 1883 753 1949 dubitarit
776 1885 916 1949 vitam
939 1883 1114 1950 offerre
1138 1886 1216 1950 nec
1240 1889 1380 1973 capiti

1040 2009 1058 2053 e
1101 1990 1287 2055 eruerit.

252 2109 415 2178 121Haec
440 2110 575 2195 quantis
599 2108 641 2172 ab
664 2109 723 2172 illo
746 2108 947 2174 clamoribus
976 2011 1183 2196 agpbbapnturl
1207 2133 1284 2174 cum
1310 2113 1379 2176 iam

270 2231 298 2276 31
322 2215 443 2278 omisso
458 2221 556 2299 gestu
574 2212 685 2277 verbis
701 2216 818 2302 politae
835 2221 869 2277 et
884 2211 998 2278 studio
1015 2215 1137 2277 actoris
1154 2221 1189 2278 et
1203 2223 1382 2299 exspecta

325 2318 410 2382 tioni
426 2324 558 2392 nostrae
576 2315 812 2400 plauderetur:

369 2437 587 2501 Srimmum
623 2438 812 2501 amicum
848 2439 1094 2501 srimmoin
1128 2438 1316 2503 bello—

323 2575 407 2640 Nam
434 2574 518 2638 illud
541 2576 612 2660 ipse
637 2581 731 2639 actor
757 2575 963 2662 adiungebat
990 2578 1096 2640 amico
1119 2544 1230 2640 animo
1254 2586 1293 2642 et
1316 2579 1385 2644 for-

270 2695 299 2740 35
320 2687 409 2743 tasse
426 2679 577 2742 homines
595 2685 729 2763 propter
745 2678 882 2763 aliquod
898 2678 1101 2744 desiderium
1124 2679 1384 2765 adprobabant:

674 2801 841 2864 summo
875 2801 1063 2886 ingenio
1099 2800 1384 2885 praeditum.

351 2969 452 3018 15-34.
476 2974 508 3019 et
534 2969 724 3019 mehercule:
745 2969 833 3019 notice
858 2969 976 3018 Romans
988 2970 1108 3018 ascribed
1122 2970 1386 3033 moreimportanee

213 3111 216 3117 Ι
320 3048 381 3096 that
408 3050 434 3095 et
459 3052 587 3097 connects
614 3047 659 3095 the
684 3045 738 3108 adj.
764 3059 835 3094 cum·
857 3046 924 3094 than
945 3060 982 3094 wc
1001 3046 1043 3095 do.
1080 3045 1197 3104 dolore,
1219 3045 1387 3100 ‘mournful

319 3137 379 3172 nius
408 3129 437 3172 to
466 3124 512 3171 the
538 3122 693 3184 equivalent
715 3135 775 3184 gen.
806 3122 835 3170 of
857 3123 952 3173 lones!
976 3127 1072 3182 certo,
1087 3125 1239 3174 ‘resolute'
1268 3125 1388 3177 Statu-

320 3198 424 3262 quality
444 3201 568 3260 partium
591 3200 773 3258 optimarum:
797 3199 832 3247 cf.
856 3200 922 3257 erit,
940 3198 1052 3250 ‘caused
1071 3202 1093 3249 it
1111 3207 1139 3250 to
1158 3201 1260 3251 stand.'
1288 3216 1388 3256 revo-

320 3276 370 3338 Ep.
401 3275 464 3326 XV.
497 3274 523 3322 1.
546 3275 574 3336 83
598 3275 635 3323 II.
656 3274 701 3323 22.
724 3276 768 3336 223
790 3288 835 3324 ex·
857 3274 1220 3337 cabatu1,‘was·recalled‚’
1230 3275 1389 3330 ‘anemeel’

320 3350 394 3415 plain
406 3350 566 3401 mehercule.
597 3351 834 3412 partium,aplay
900 3353 976 3413 5121.
996 3350 1099 3401 30-34.
1125 3351 1213 3401 Haec
1232 3354 1329 3405 refers
1361 3362 1390 3406 to

320 3443 355 3479 on
390 3429 436 3477 the
469 3434 523 3477 two
557 3429 698 3489 rneauings
728 3427 832 3490 ‘parts'
859 3428 1021 3478 Summum.
1042 3464 1048 3477 .
1068 3429 1262 3492 praeditum,
1285 3432 1318 3482 ll.
1341 3434 1391 3483 33*

317 3505 375 3554 end
400 3504 533 3567 ‘partica'
574 3507 638 3552 tam
667 3516 766 3566 quam,
791 3504 835 3552 ‘as
857 3505 896 3554 36.
911 3506 1028 3554 omisso
1037 3509 1134 3566 gestu,
1144 3506 1275 3564 etc.‚‘no
1284 3508 1392 3574 longer

320 3581 380 3630 well
410 3617 415 3628 .
445 3616 450 3627 .
481 3617 487 3630 .
518 3580 566 3641 as,’
599 3581 651 3629 ‘no
673 3581 724 3630 less
753 3617 759 3629 .
790 3617 796 3630 .
828 3618 833 3630 .
857 3582 980 3644 noricing
1009 3582 1055 3631 the
1084 3588 1215 3646 gestures,
1241 3585 1315 3648 they
1343 3601 1392 3648 ap-

320 3657 408 3708 than.’
440 3661 561 3719 poetae,
575 3657 604 3706 L.
620 3658 724 3706 Attius:
742 3671 786 3706 see
799 3671 834 3706 on
857 3658 971 3720 plauded
986 3659 1032 3707 the
1045 3660 1140 3716 words,
1154 3660 1215 3708 etc’
1245 3673 1391 3724 exspec-

321 3735 408 3796 5102.
427 3734 451 3786 7.
486 3733 649 3795 ingenium,
672 3734 832 3796 ‘mcaning.’
856 3735 977 3792 tationi,
990 3735 1044 3794 i.e.,
1059 3736 1105 3783 the
1125 3735 1195 3798 hope
1211 3736 1241 3784 of
1261 3737 1391 3788 Cioem's

319 3813 395 3867 arte,
425 3809 432 3833 ‘
444 3810 583 3874 gestures,'
609 3816 638 3860 to
666 3811 754 3862 which
787 3811 834 3860 the
857 3817 957 3863 return.
992 3811 1075 3866 Nam
1090 3811 1253 3875 murteta,
1276 3815 1391 3884 ·(1say
