<?xml version="1.0" encoding="UTF-8"?>
<!DOCTYPE html PUBLIC "-//W3C//DTD XHTML 1.0 Transitional//EN"
    "http://www.w3.org/TR/xhtml1/DTD/xhtml1-transitional.dtd">
<html xmlns="http://www.w3.org/1999/xhtml" xml:lang="en" lang="en">
 <head>
  <title>
</title>
<meta http-equiv="Content-Type" content="text/html;charset=utf-8" />
  <meta name='ocr-system' content='tesseract 3.04.00' />
  <meta name='ocr-capabilities' content='ocr_page ocr_carea ocr_par ocr_line ocrx_word'/>
</head>
<body>
  <div class='ocr_page' id='page_1' title='image "./mtulliciceronis05cicegoog/mtulliciceronis05cicegoog_0358.png"; bbox 0 0 2936 4376; ppageno 0'>
   <div class='ocr_carea' id='block_1_1' title="bbox 448 318 1198 392">
    <p class='ocr_par' dir='ltr' id='par_1_1' title="bbox 448 318 1198 392">
     <span class='ocr_line' id='line_1_1' title="bbox 448 318 1198 392; baseline 0.005 -13"><span class='ocrx_word' id='word_1_1' title='bbox 448 327 529 380; x_wconf 72' lang='lat' dir='ltr'><strong>cnr.</strong></span> <span class='ocrx_word' id='word_1_2' title='bbox 553 329 641 391; x_wconf 75' lang='lat' dir='ltr'><strong>acar,</strong></span> <span class='ocrx_word' id='word_1_3' title='bbox 665 329 680 392; x_wconf 79' lang='lat' dir='ltr'><strong>s</strong></span> <span class='ocrx_word' id='word_1_4' title='bbox 702 327 790 381; x_wconf 70' lang='lat' dir='ltr'><strong>aare.</strong></span> <span class='ocrx_word' id='word_1_5' title='bbox 1134 318 1198 383; x_wconf 84' lang='lat'><strong>339</strong></span> 
     </span>
    </p>
   </div>
   <div class='ocr_carea' id='block_1_2' title="bbox 96 498 1200 2871">
    <p class='ocr_par' dir='ltr' id='par_1_2' title="bbox 96 498 1200 2871">
     <span class='ocr_line' id='line_1_2' title="bbox 97 498 1144 587; baseline 0 -21"><span class='ocrx_word' id='word_1_6' title='bbox 97 501 177 566; x_wconf 86' lang='lat' dir='ltr'><strong>tatis</strong></span> <span class='ocrx_word' id='word_1_7' title='bbox 193 501 282 567; x_wconf 91' lang='lat' dir='ltr'><strong>enim</strong></span> <span class='ocrx_word' id='word_1_8' title='bbox 294 507 329 566; x_wconf 87' lang='lat' dir='ltr'><strong>ot</strong></span> <span class='ocrx_word' id='word_1_9' title='bbox 340 498 516 587; x_wconf 87' lang='lat' dir='ltr'><strong>dignitatis</strong></span> <span class='ocrx_word' id='word_1_10' title='bbox 529 499 684 564; x_wconf 80' lang='lat' dir='ltr'><strong>habuisse</strong></span> <span class='ocrx_word' id='word_1_11' title='bbox 696 500 796 565; x_wconf 88' lang='lat' dir='ltr'><strong>nimis</strong></span> <span class='ocrx_word' id='word_1_12' title='bbox 810 521 965 587; x_wconf 84' lang='lat' dir='ltr'><strong>magnam</strong></span> <span class='ocrx_word' id='word_1_13' title='bbox 977 501 1144 566; x_wconf 88' lang='lat' dir='ltr'><strong>iudicatus</strong></span> 
     </span>
     <span class='ocr_line' id='line_1_3' title="bbox 96 604 1144 689; baseline 0 -19"><span class='ocrx_word' id='word_1_14' title='bbox 96 611 149 670; x_wconf 87' lang='lat' dir='ltr'><strong>est</strong></span> <span class='ocrx_word' id='word_1_15' title='bbox 161 605 397 689; x_wconf 68' lang='lat' dir='ltr'><strong>cupiditatem</strong></span> <span class='ocrx_word' id='word_1_16' title='bbox 423 625 523 688; x_wconf 89' lang='lat' dir='ltr'><strong>quam</strong></span> <span class='ocrx_word' id='word_1_17' title='bbox 535 604 563 668; x_wconf 91' lang='lat' dir='ltr'><strong>si</strong></span> <span class='ocrx_word' id='word_1_18' title='bbox 576 625 672 670; x_wconf 88' lang='lat' dir='ltr'><strong>nemo</strong></span> <span class='ocrx_word' id='word_1_19' title='bbox 684 605 769 670; x_wconf 90' lang='lat' dir='ltr'><strong>alius</strong></span> <span class='ocrx_word' id='word_1_20' title='bbox 784 604 904 670; x_wconf 81' lang='lat' dir='ltr'>habuit</span> <span class='ocrx_word' id='word_1_21' title='bbox 916 606 950 668; x_wconf 93' lang='lat' dir='ltr'><strong>in</strong></span> <span class='ocrx_word' id='word_1_22' title='bbox 966 606 1144 670; x_wconf 77' lang='lat' dir='ltr'>consulatu</span> 
     </span>
     <span class='ocr_line' id='line_1_4' title="bbox 98 706 1143 793; baseline 0.001 -19"><span class='ocrx_word' id='word_1_23' title='bbox 98 708 254 793; x_wconf 88' lang='lat' dir='ltr'><strong>petendo,</strong></span> <span class='ocrx_word' id='word_1_24' title='bbox 270 706 424 792; x_wconf 86' lang='lat' dir='ltr'><strong>cupidior</strong></span> <span class='ocrx_word' id='word_1_25' title='bbox 439 707 608 772; x_wconf 85' lang='lat' dir='ltr'><strong>iudicatus</strong></span> <span class='ocrx_word' id='word_1_26' title='bbox 621 714 674 774; x_wconf 90' lang='lat' dir='ltr'><strong>est</strong></span> <span class='ocrx_word' id='word_1_27' title='bbox 688 707 741 772; x_wconf 90' lang='lat' dir='ltr'><strong>hio</strong></span> <span class='ocrx_word' id='word_1_28' title='bbox 766 707 871 774; x_wconf 78' lang='lat' dir='ltr'><strong>luisse</strong></span> <span class='ocrx_word' id='word_1_29' title='bbox 897 729 998 793; x_wconf 92' lang='lat' dir='ltr'><strong>quam</strong></span> <span class='ocrx_word' id='word_1_30' title='bbox 1023 713 1143 784; x_wconf 74' lang='lat' dir='ltr'><strong>ceteri,</strong></span> 
     </span>
     <span class='ocr_line' id='line_1_5' title="bbox 96 811 1200 890; baseline 0.003 -14"><span class='ocrx_word' id='word_1_31' title='bbox 96 812 150 876; x_wconf 91' lang='lat' dir='ltr'><strong>sin</strong></span> <span class='ocrx_word' id='word_1_32' title='bbox 166 813 266 877; x_wconf 89' lang='lat' dir='ltr'><strong>etiam</strong></span> <span class='ocrx_word' id='word_1_33' title='bbox 282 813 315 875; x_wconf 93' lang='lat' dir='ltr'><strong>in</strong></span> <span class='ocrx_word' id='word_1_34' title='bbox 331 812 407 877; x_wconf 90' lang='lat' dir='ltr'><strong>aliis</strong></span> <span class='ocrx_word' id='word_1_35' title='bbox 429 833 496 876; x_wconf 91' lang='lat' dir='ltr'><strong>non</strong></span> <span class='ocrx_word' id='word_1_36' title='bbox 520 811 624 876; x_wconf 89' lang='lat' dir='ltr'><strong>nullis</strong></span> <span class='ocrx_word' id='word_1_37' title='bbox 647 811 716 876; x_wconf 83' lang='lat' dir='ltr'><strong>fuit</strong></span> <span class='ocrx_word' id='word_1_38' title='bbox 738 813 802 878; x_wconf 86' lang='lat' dir='ltr'><strong>iste</strong></span> <span class='ocrx_word' id='word_1_39' title='bbox 826 814 1021 878; x_wconf 87' lang='lat' dir='ltr'><strong>consulatus</strong></span> <span class='ocrx_word' id='word_1_40' title='bbox 1046 835 1146 890; x_wconf 89' lang='lat' dir='ltr'><strong>amor,</strong></span> <span class='ocrx_word' id='word_1_41' title='bbox 1170 834 1200 878; x_wconf 79' lang='lat' dir='ltr'><strong>uc</strong></span> 
     </span>
     <span class='ocr_line' id='line_1_6' title="bbox 98 915 1143 1002; baseline 0.003 -23"><span class='ocrx_word' id='word_1_42' title='bbox 98 915 236 980; x_wconf 78' lang='lat' dir='ltr'><strong>fortuna</strong></span> <span class='ocrx_word' id='word_1_43' title='bbox 258 917 293 979; x_wconf 92' lang='lat' dir='ltr'><strong>in</strong></span> <span class='ocrx_word' id='word_1_44' title='bbox 316 916 379 980; x_wconf 89' lang='lat' dir='ltr'><strong>hoo</strong></span> <span class='ocrx_word' id='word_1_45' title='bbox 404 915 471 980; x_wconf 84' lang='lat' dir='ltr'><strong>fuit</strong></span> <span class='ocrx_word' id='word_1_46' title='bbox 496 915 637 981; x_wconf 84' lang='lat' dir='ltr'><strong>fortasse</strong></span> <span class='ocrx_word' id='word_1_47' title='bbox 664 917 798 1002; x_wconf 86' lang='lat' dir='ltr'><strong>gravior</strong></span> <span class='ocrx_word' id='word_1_48' title='bbox 825 937 928 1002; x_wconf 88' lang='lat' dir='ltr'><strong>quam</strong></span> <span class='ocrx_word' id='word_1_49' title='bbox 954 919 987 980; x_wconf 92' lang='lat' dir='ltr'><strong>in</strong></span> <span class='ocrx_word' id='word_1_50' title='bbox 1016 921 1143 983; x_wconf 83' lang='lat' dir='ltr'><strong>ceteris.</strong></span> 
     </span>
     <span class='ocr_line' id='line_1_7' title="bbox 98 1019 1198 1106; baseline 0.004 -22"><span class='ocrx_word' id='word_1_51' title='bbox 98 1019 220 1086; x_wconf 90' lang='lat' dir='ltr'><strong>Postea</strong></span> <span class='ocrx_word' id='word_1_52' title='bbox 235 1041 315 1086; x_wconf 88' lang='lat' dir='ltr'><strong>vero</strong></span> <span class='ocrx_word' id='word_1_53' title='bbox 330 1020 406 1106; x_wconf 93' lang='lat' dir='ltr'><strong>quis</strong></span> <span class='ocrx_word' id='word_1_54' title='bbox 431 1019 469 1082; x_wconf 90' lang='lat' dir='ltr'><strong>P.</strong></span> <span class='ocrx_word' id='word_1_55' title='bbox 493 1019 624 1085; x_wconf 80' lang='lat' dir='ltr'><strong>Sullam</strong></span> <span class='ocrx_word' id='word_1_56' title='bbox 646 1021 711 1084; x_wconf 88' lang='lat' dir='ltr'><strong>nisi</strong></span> <span class='ocrx_word' id='word_1_57' title='bbox 735 1029 947 1097; x_wconf 87' lang='lat' dir='ltr'><strong>maerentem,</strong></span> <span class='ocrx_word' id='word_1_58' title='bbox 964 1021 1145 1087; x_wconf 88' lang='lat' dir='ltr'><strong>demissum</strong></span> <span class='ocrx_word' id='word_1_59' title='bbox 1159 1027 1198 1090; x_wconf 79' lang='lat'><strong>74</strong></span> 
     </span>
     <span class='ocr_line' id='line_1_8' title="bbox 98 1123 1144 1211; baseline 0.005 -23"><span class='ocrx_word' id='word_1_60' title='bbox 98 1123 327 1211; x_wconf 88' lang='lat' dir='ltr'><strong>afflictumque</strong></span> <span class='ocrx_word' id='word_1_61' title='bbox 361 1123 459 1208; x_wconf 76' lang='lat' dir='ltr'><strong>vidit,</strong></span> <span class='ocrx_word' id='word_1_62' title='bbox 483 1125 560 1210; x_wconf 92' lang='lat' dir='ltr'><strong>quis</strong></span> <span class='ocrx_word' id='word_1_63' title='bbox 584 1145 744 1210; x_wconf 90' lang='lat' dir='ltr'><strong>umquam</strong></span> <span class='ocrx_word' id='word_1_64' title='bbox 767 1133 820 1190; x_wconf 90' lang='lat' dir='ltr'><strong>est</strong></span> <span class='ocrx_word' id='word_1_65' title='bbox 843 1127 1033 1210; x_wconf 90' lang='lat' dir='ltr'><strong>suspicatus</strong></span> <span class='ocrx_word' id='word_1_66' title='bbox 1057 1127 1144 1193; x_wconf 89' lang='lat' dir='ltr'><strong>hunc</strong></span> 
     </span>
     <span class='ocr_line' id='line_1_9' title="bbox 98 1228 1144 1318; baseline 0.006 -26"><span class='ocrx_word' id='word_1_67' title='bbox 98 1231 203 1316; x_wconf 84' lang='lat' dir='ltr'><strong>magis</strong></span> <span class='ocrx_word' id='word_1_68' title='bbox 219 1229 296 1294; x_wconf 89' lang='lat' dir='ltr'><strong>odio</strong></span> <span class='ocrx_word' id='word_1_69' title='bbox 313 1249 415 1315; x_wconf 91' lang='lat' dir='ltr'><strong>quam</strong></span> <span class='ocrx_word' id='word_1_70' title='bbox 430 1228 557 1314; x_wconf 88' lang='lat' dir='ltr'><strong>pudore</strong></span> <span class='ocrx_word' id='word_1_71' title='bbox 575 1228 749 1293; x_wconf 91' lang='lat' dir='ltr'><strong>hominum</strong></span> <span class='ocrx_word' id='word_1_72' title='bbox 771 1238 944 1314; x_wconf 87' lang='lat' dir='ltr'><strong>aspectum</strong></span> <span class='ocrx_word' id='word_1_73' title='bbox 968 1231 1144 1318; x_wconf 88' lang='lat' dir='ltr'><strong>lucemque</strong></span> 
     </span>
     <span class='ocr_line' id='line_1_10' title="bbox 98 1332 1199 1413; baseline 0.001 -15"><span class='ocrx_word' id='word_1_74' title='bbox 98 1334 233 1399; x_wconf 78' lang='lat' dir='ltr'><strong>vitare?</strong></span> <span class='ocrx_word' id='word_1_75' title='bbox 276 1333 439 1413; x_wconf 81' lang='lat' dir='ltr'><strong>Quicum</strong></span> <span class='ocrx_word' id='word_1_76' title='bbox 461 1333 568 1398; x_wconf 83' lang='lat' dir='ltr'><strong>mulia</strong></span> <span class='ocrx_word' id='word_1_77' title='bbox 590 1332 727 1398; x_wconf 86' lang='lat' dir='ltr'><strong>haberet</strong></span> <span class='ocrx_word' id='word_1_78' title='bbox 751 1335 972 1400; x_wconf 86' lang='lat' dir='ltr'><strong>invitamenta</strong></span> <span class='ocrx_word' id='word_1_79' title='bbox 997 1335 1087 1400; x_wconf 89' lang='lat' dir='ltr'><strong>urbis</strong></span> <span class='ocrx_word' id='word_1_80' title='bbox 1112 1346 1148 1402; x_wconf 89' lang='lat' dir='ltr'><strong>et</strong></span> <span class='ocrx_word' id='word_1_81' title='bbox 1170 1353 1199 1399; x_wconf 82' lang='lat' dir='ltr'><strong>ae</strong></span> 
     </span>
     <span class='ocr_line' id='line_1_11' title="bbox 97 1436 1145 1522; baseline 0.004 -21"><span class='ocrx_word' id='word_1_82' title='bbox 97 1436 161 1502; x_wconf 86' lang='lat' dir='ltr'><strong>fori</strong></span> <span class='ocrx_word' id='word_1_83' title='bbox 184 1445 319 1522; x_wconf 89' lang='lat' dir='ltr'><strong>propter</strong></span> <span class='ocrx_word' id='word_1_84' title='bbox 346 1458 477 1502; x_wconf 88' lang='lat' dir='ltr'><strong>summa</strong></span> <span class='ocrx_word' id='word_1_85' title='bbox 502 1436 616 1502; x_wconf 88' lang='lat' dir='ltr'><strong>studia</strong></span> <span class='ocrx_word' id='word_1_86' title='bbox 642 1437 834 1513; x_wconf 90' lang='lat' dir='ltr'><strong>amicorum,</strong></span> <span class='ocrx_word' id='word_1_87' title='bbox 858 1459 943 1522; x_wconf 88' lang='lat' dir='ltr'><strong>quae</strong></span> <span class='ocrx_word' id='word_1_88' title='bbox 971 1447 1084 1504; x_wconf 86' lang='lat' dir='ltr'><strong>tamen</strong></span> <span class='ocrx_word' id='word_1_89' title='bbox 1114 1443 1145 1505; x_wconf 86' lang='lat' dir='ltr'><strong>ci</strong></span> 
     </span>
     <span class='ocr_line' id='line_1_12' title="bbox 96 1539 1144 1620; baseline 0.003 -13"><span class='ocrx_word' id='word_1_90' title='bbox 96 1542 169 1608; x_wconf 88' lang='lat' dir='ltr'><strong>sola</strong></span> <span class='ocrx_word' id='word_1_91' title='bbox 199 1544 247 1605; x_wconf 84' lang='lat' dir='ltr'><strong>in&#39;</strong></span> <span class='ocrx_word' id='word_1_92' title='bbox 264 1542 358 1606; x_wconf 88' lang='lat' dir='ltr'><strong>malis</strong></span> <span class='ocrx_word' id='word_1_93' title='bbox 390 1543 597 1618; x_wconf 88' lang='lat' dir='ltr'><strong>restiterunt,</strong></span> <span class='ocrx_word' id='word_1_94' title='bbox 628 1539 718 1606; x_wconf 84' lang='lat' dir='ltr'><strong>afuit</strong></span> <span class='ocrx_word' id='word_1_95' title='bbox 746 1541 788 1606; x_wconf 86' lang='lat' dir='ltr'><strong>ab</strong></span> <span class='ocrx_word' id='word_1_96' title='bbox 810 1543 916 1608; x_wconf 79' lang='lat' dir='ltr'><strong>ocrilis</strong></span> <span class='ocrx_word' id='word_1_97' title='bbox 948 1545 1068 1608; x_wconf 86' lang='lat' dir='ltr'><strong>vestris</strong></span> <span class='ocrx_word' id='word_1_98' title='bbox 1100 1553 1144 1620; x_wconf 87' lang='lat' dir='ltr'><strong>ot,</strong></span> 
     </span>
     <span class='ocr_line' id='line_1_13' title="bbox 97 1646 1143 1733; baseline 0.001 -22"><span class='ocrx_word' id='word_1_99' title='bbox 97 1667 174 1711; x_wconf 92' lang='lat' dir='ltr'><strong>cum</strong></span> <span class='ocrx_word' id='word_1_100' title='bbox 204 1647 278 1733; x_wconf 84' lang='lat' dir='ltr'><strong>lege</strong></span> <span class='ocrx_word' id='word_1_101' title='bbox 310 1647 520 1722; x_wconf 79' lang='lat' dir='ltr'><strong>retineretur,</strong></span> <span class='ocrx_word' id='word_1_102' title='bbox 552 1647 623 1730; x_wconf 91' lang='lat' dir='ltr'><strong>ipse</strong></span> <span class='ocrx_word' id='word_1_103' title='bbox 654 1667 689 1710; x_wconf 88' lang='lat' dir='ltr'><strong>se</strong></span> <span class='ocrx_word' id='word_1_104' title='bbox 720 1646 822 1710; x_wconf 84' lang='lat' dir='ltr'><strong>exilio</strong></span> <span class='ocrx_word' id='word_1_105' title='bbox 849 1667 953 1731; x_wconf 88' lang='lat' dir='ltr'><strong>paene</strong></span> <span class='ocrx_word' id='word_1_106' title='bbox 976 1648 1143 1714; x_wconf 87' lang='lat' dir='ltr'><strong>multavit.</strong></span> 
     </span>
     <span class='ocr_line' id='line_1_14' title="bbox 97 1749 1145 1834; baseline 0.004 -20"><span class='ocrx_word' id='word_1_107' title='bbox 97 1767 217 1814; x_wconf 78' lang='lat' dir='ltr'><strong>xxvir.</strong></span> <span class='ocrx_word' id='word_1_108' title='bbox 250 1750 291 1813; x_wconf 92' lang='lat' dir='ltr'><strong>ln</strong></span> <span class='ocrx_word' id='word_1_109' title='bbox 308 1750 370 1814; x_wconf 89' lang='lat' dir='ltr'><strong>hcc</strong></span> <span class='ocrx_word' id='word_1_110' title='bbox 387 1771 446 1814; x_wconf 90' lang='lat' dir='ltr'><strong>vos</strong></span> <span class='ocrx_word' id='word_1_111' title='bbox 463 1749 600 1834; x_wconf 88' lang='lat' dir='ltr'><strong>pudore,</strong></span> <span class='ocrx_word' id='word_1_112' title='bbox 618 1749 756 1826; x_wconf 88' lang='lat' dir='ltr'><strong>iudices,</strong></span> <span class='ocrx_word' id='word_1_113' title='bbox 774 1758 808 1815; x_wconf 91' lang='lat' dir='ltr'><strong>et</strong></span> <span class='ocrx_word' id='word_1_114' title='bbox 823 1752 858 1813; x_wconf 90' lang='lat' dir='ltr'><strong>in</strong></span> <span class='ocrx_word' id='word_1_115' title='bbox 882 1751 942 1815; x_wconf 88' lang='lat' dir='ltr'><strong>hac</strong></span> <span class='ocrx_word' id='word_1_116' title='bbox 956 1752 1027 1816; x_wconf 86' lang='lat' dir='ltr'><strong>vita</strong></span> <span class='ocrx_word' id='word_1_117' title='bbox 1050 1759 1145 1818; x_wconf 87' lang='lat' dir='ltr'><strong>tanto</strong></span> 
     </span>
     <span class='ocr_line' id='line_1_15' title="bbox 96 1848 1146 1936; baseline 0.001 -21"><span class='ocrx_word' id='word_1_118' title='bbox 96 1851 213 1915; x_wconf 88' lang='lat' dir='ltr'><strong>sceleri</strong></span> <span class='ocrx_word' id='word_1_119' title='bbox 243 1850 355 1914; x_wconf 90' lang='lat' dir='ltr'><strong>locum</strong></span> <span class='ocrx_word' id='word_1_120' title='bbox 386 1848 491 1914; x_wconf 81' lang='lat' dir='ltr'><strong>fuisse</strong></span> <span class='ocrx_word' id='word_1_121' title='bbox 523 1849 685 1914; x_wconf 85' lang='lat' dir='ltr'><strong>creditis?</strong></span> <span class='ocrx_word' id='word_1_122' title='bbox 730 1850 883 1936; x_wconf 76' lang='lat' dir='ltr'><strong>Aspicite</strong></span> <span class='ocrx_word' id='word_1_123' title='bbox 919 1853 1039 1936; x_wconf 86' lang='lat' dir='ltr'><strong>ipsum,</strong></span> <span class='ocrx_word' id='word_1_124' title='bbox 1071 1873 1146 1918; x_wconf 91' lang='lat' dir='ltr'><strong>con·</strong></span> 
     </span>
     <span class='ocr_line' id='line_1_16' title="bbox 98 1952 1145 2031; baseline 0.003 -13"><span class='ocrx_word' id='word_1_125' title='bbox 98 1955 239 2018; x_wconf 89' lang='lat' dir='ltr'><strong>tuemini</strong></span> <span class='ocrx_word' id='word_1_126' title='bbox 264 1975 310 2030; x_wconf 88' lang='lat' dir='ltr'><strong>os,</strong></span> <span class='ocrx_word' id='word_1_127' title='bbox 332 1952 483 2018; x_wconf 86' lang='lat' dir='ltr'><strong>conferte</strong></span> <span class='ocrx_word' id='word_1_128' title='bbox 509 1955 634 2018; x_wconf 80' lang='lat' dir='ltr'><strong>crimen</strong></span> <span class='ocrx_word' id='word_1_129' title='bbox 658 1974 736 2018; x_wconf 90' lang='lat' dir='ltr'><strong>cum</strong></span> <span class='ocrx_word' id='word_1_130' title='bbox 759 1955 839 2031; x_wconf 91' lang='lat' dir='ltr'><strong>vita,</strong></span> <span class='ocrx_word' id='word_1_131' title='bbox 856 1956 960 2019; x_wconf 83' lang='lat' dir='ltr'><strong>vitam</strong></span> <span class='ocrx_word' id='word_1_132' title='bbox 983 1955 1025 2021; x_wconf 89' lang='lat' dir='ltr'><strong>ab</strong></span> <span class='ocrx_word' id='word_1_133' title='bbox 1048 1957 1145 2021; x_wconf 91' lang='lat' dir='ltr'><strong>initio</strong></span> 
     </span>
     <span class='ocr_line' id='line_1_17' title="bbox 98 2057 1198 2146; baseline 0.001 -24"><span class='ocrx_word' id='word_1_134' title='bbox 98 2079 204 2142; x_wconf 91' lang='lat' dir='ltr'><strong>usque</strong></span> <span class='ocrx_word' id='word_1_135' title='bbox 231 2057 359 2122; x_wconf 88' lang='lat' dir='ltr'><strong>adhoc</strong></span> <span class='ocrx_word' id='word_1_136' title='bbox 392 2065 524 2143; x_wconf 89' lang='lat' dir='ltr'><strong>tempus</strong></span> <span class='ocrx_word' id='word_1_137' title='bbox 547 2058 749 2142; x_wconf 86' lang='lat' dir='ltr'><strong>explicatam</strong></span> <span class='ocrx_word' id='word_1_138' title='bbox 772 2079 849 2123; x_wconf 90' lang='lat' dir='ltr'><strong>cum</strong></span> <span class='ocrx_word' id='word_1_139' title='bbox 875 2060 1012 2124; x_wconf 89' lang='lat' dir='ltr'><strong>crimine</strong></span> <span class='ocrx_word' id='word_1_140' title='bbox 1037 2081 1148 2146; x_wconf 86' lang='lat' dir='ltr'><strong>recog·</strong></span> <span class='ocrx_word' id='word_1_141' title='bbox 1183 2079 1198 2123; x_wconf 80' lang='lat'><em>4</em></span> 
     </span>
     <span class='ocr_line' id='line_1_18' title="bbox 97 2161 1197 2249; baseline 0.005 -23"><span class='ocrx_word' id='word_1_142' title='bbox 97 2163 245 2228; x_wconf 69' lang='lat' dir='ltr'><strong>noscite.¹</strong></span> <span class='ocrx_word' id='word_1_143' title='bbox 282 2161 385 2226; x_wconf 90' lang='lat' dir='ltr'><strong>Mitto</strong></span> <span class='ocrx_word' id='word_1_144' title='bbox 402 2162 665 2247; x_wconf 86' lang='lat' dir='ltr'><strong>rempublicam,</strong></span> <span class='ocrx_word' id='word_1_145' title='bbox 683 2184 768 2247; x_wconf 89' lang='lat' dir='ltr'><strong>quae</strong></span> <span class='ocrx_word' id='word_1_146' title='bbox 787 2162 857 2227; x_wconf 85' lang='lat' dir='ltr'><strong>fuit</strong></span> <span class='ocrx_word' id='word_1_147' title='bbox 879 2177 1009 2249; x_wconf 87' lang='lat' dir='ltr'><strong>semper</strong></span> <span class='ocrx_word' id='word_1_148' title='bbox 1032 2163 1145 2229; x_wconf 87' lang='lat' dir='ltr'><strong>Sullae</strong></span> <span class='ocrx_word' id='word_1_149' title='bbox 1159 2169 1197 2232; x_wconf 77' lang='lat' dir='ltr'><strong>tt</strong></span> 
     </span>
     <span class='ocr_line' id='line_1_19' title="bbox 97 2265 1143 2353; baseline 0.002 -23"><span class='ocrx_word' id='word_1_150' title='bbox 97 2267 286 2341; x_wconf 81' lang='lat' dir='ltr'><strong>carissima3</strong></span> <span class='ocrx_word' id='word_1_151' title='bbox 317 2265 420 2330; x_wconf 86' lang='lat' dir='ltr'><strong>hosne</strong></span> <span class='ocrx_word' id='word_1_152' title='bbox 444 2267 577 2342; x_wconf 70' lang='lat' dir='ltr'><strong>amicos</strong></span> <span class='ocrx_word' id='word_1_153' title='bbox 595 2267 679 2331; x_wconf 87' lang='lat' dir='ltr'><strong>tales</strong></span> <span class='ocrx_word' id='word_1_154' title='bbox 706 2268 804 2344; x_wconf 88' lang='lat' dir='ltr'><strong>viros,</strong></span> <span class='ocrx_word' id='word_1_155' title='bbox 826 2275 893 2331; x_wconf 89' lang='lat' dir='ltr'><strong>tam</strong></span> <span class='ocrx_word' id='word_1_156' title='bbox 917 2267 1056 2353; x_wconf 90' lang='lat' dir='ltr'><strong>cupidos</strong></span> <span class='ocrx_word' id='word_1_157' title='bbox 1080 2270 1143 2344; x_wconf 93' lang='lat' dir='ltr'><strong>sui,</strong></span> 
     </span>
     <span class='ocr_line' id='line_1_20' title="bbox 98 2369 1144 2460; baseline 0.004 -26"><span class='ocrx_word' id='word_1_158' title='bbox 98 2391 157 2454; x_wconf 84' lang='lat' dir='ltr'><strong>per</strong></span> <span class='ocrx_word' id='word_1_159' title='bbox 168 2391 252 2454; x_wconf 91' lang='lat' dir='ltr'><strong>quos</strong></span> <span class='ocrx_word' id='word_1_160' title='bbox 264 2391 315 2434; x_wconf 88' lang='lat' dir='ltr'><strong>res</strong></span> <span class='ocrx_word' id='word_1_161' title='bbox 328 2371 399 2434; x_wconf 88' lang='lat' dir='ltr'><strong>eius</strong></span> <span class='ocrx_word' id='word_1_162' title='bbox 415 2369 581 2460; x_wconf 83' lang='lat' dir='ltr'><strong>secundae</strong></span> <span class='ocrx_word' id='word_1_163' title='bbox 597 2369 769 2456; x_wconf 87' lang='lat' dir='ltr'><strong>quondam</strong></span> <span class='ocrx_word' id='word_1_164' title='bbox 783 2379 879 2436; x_wconf 89' lang='lat' dir='ltr'><strong>erant</strong></span> <span class='ocrx_word' id='word_1_165' title='bbox 894 2380 1144 2446; x_wconf 86' lang='lat' dir='ltr'><strong>01·natae,nunc</strong></span> 
     </span>
     <span class='ocr_line' id='line_1_21' title="bbox 96 2472 1144 2560; baseline 0.003 -23"><span class='ocrx_word' id='word_1_166' title='bbox 96 2472 319 2538; x_wconf 87' lang='lat' dir='ltr'><strong>sublevantur</strong></span> <span class='ocrx_word' id='word_1_167' title='bbox 330 2473 505 2551; x_wconf 76' lang='lat' dir='ltr'><strong>adversae,</strong></span> <span class='ocrx_word' id='word_1_168' title='bbox 515 2473 743 2540; x_wconf 88' lang='lat' dir='ltr'><strong>crudelissime</strong></span> <span class='ocrx_word' id='word_1_169' title='bbox 756 2477 863 2560; x_wconf 89' lang='lat' dir='ltr'><strong>perire</strong></span> <span class='ocrx_word' id='word_1_170' title='bbox 880 2477 998 2550; x_wconf 88' lang='lat' dir='ltr'><strong>voluit,</strong></span> <span class='ocrx_word' id='word_1_171' title='bbox 1014 2484 1053 2540; x_wconf 93' lang='lat' dir='ltr'><strong>ut</strong></span> <span class='ocrx_word' id='word_1_172' title='bbox 1067 2497 1144 2540; x_wconf 91' lang='lat' dir='ltr'><strong>cum</strong></span> 
     </span>
     <span class='ocr_line' id='line_1_22' title="bbox 97 2577 1143 2665; baseline 0.002 -22"><span class='ocrx_word' id='word_1_173' title='bbox 97 2577 243 2643; x_wconf 90' lang='lat' dir='ltr'><strong>Lentulo</strong></span> <span class='ocrx_word' id='word_1_174' title='bbox 264 2586 299 2643; x_wconf 92' lang='lat' dir='ltr'><strong>et</strong></span> <span class='ocrx_word' id='word_1_175' title='bbox 322 2577 470 2642; x_wconf 87' lang='lat' dir='ltr'><strong>Catilina</strong></span> <span class='ocrx_word' id='word_1_176' title='bbox 491 2585 527 2643; x_wconf 91' lang='lat' dir='ltr'><strong>et</strong></span> <span class='ocrx_word' id='word_1_177' title='bbox 550 2577 701 2665; x_wconf 87' lang='lat' dir='ltr'><strong>Cethego</strong></span> <span class='ocrx_word' id='word_1_178' title='bbox 729 2577 956 2644; x_wconf 87' lang='lat' dir='ltr'><strong>foedissimam</strong></span> <span class='ocrx_word' id='word_1_179' title='bbox 979 2581 1082 2644; x_wconf 88' lang='lat' dir='ltr'><strong>vitam</strong></span> <span class='ocrx_word' id='word_1_180' title='bbox 1106 2602 1143 2645; x_wconf 88' lang='lat' dir='ltr'><strong>ac</strong></span> 
     </span>
     <span class='ocr_line' id='line_1_23' title="bbox 96 2682 1198 2770; baseline 0.002 -26"><span class='ocrx_word' id='word_1_181' title='bbox 96 2683 312 2747; x_wconf 89' lang='lat' dir='ltr'><strong>miserrimam</strong></span> <span class='ocrx_word' id='word_1_182' title='bbox 329 2682 523 2767; x_wconf 89' lang='lat' dir='ltr'><strong>turpissima</strong></span> <span class='ocrx_word' id='word_1_183' title='bbox 539 2690 646 2753; x_wconf 86' lang='lat' dir='ltr'><strong>morte</strong></span> <span class='ocrx_word' id='word_1_184' title='bbox 663 2685 833 2767; x_wconf 80' lang='lat' dir='ltr'><strong>proposita</strong></span> <span class='ocrx_word' id='word_1_185' title='bbox 850 2683 1010 2770; x_wconf 85' lang='lat' dir='ltr'><strong>degeret?</strong></span> <span class='ocrx_word' id='word_1_186' title='bbox 1058 2685 1144 2757; x_wconf 89' lang='lat' dir='ltr'><strong>Non,</strong></span> <span class='ocrx_word' id='word_1_187' title='bbox 1169 2702 1198 2747; x_wconf 92' lang='lat'><strong>10</strong></span> 
     </span>
     <span class='ocr_line' id='line_1_24' title="bbox 96 2786 1143 2871; baseline 0.004 -23"><span class='ocrx_word' id='word_1_188' title='bbox 96 2786 242 2871; x_wconf 89' lang='lat' dir='ltr'><strong>inquam,</strong></span> <span class='ocrx_word' id='word_1_189' title='bbox 260 2786 352 2851; x_wconf 89' lang='lat' dir='ltr'><strong>cadit</strong></span> <span class='ocrx_word' id='word_1_190' title='bbox 367 2789 402 2851; x_wconf 93' lang='lat' dir='ltr'><strong>in</strong></span> <span class='ocrx_word' id='word_1_191' title='bbox 418 2788 479 2851; x_wconf 90' lang='lat' dir='ltr'><strong>hos</strong></span> <span class='ocrx_word' id='word_1_192' title='bbox 496 2809 613 2860; x_wconf 87' lang='lat' dir='ltr'><strong>mores,</strong></span> <span class='ocrx_word' id='word_1_193' title='bbox 632 2808 698 2851; x_wconf 90' lang='lat' dir='ltr'><strong>non</strong></span> <span class='ocrx_word' id='word_1_194' title='bbox 716 2789 750 2850; x_wconf 92' lang='lat' dir='ltr'><strong>in</strong></span> <span class='ocrx_word' id='word_1_195' title='bbox 774 2786 863 2851; x_wconf 90' lang='lat' dir='ltr'><strong>huuc</strong></span> <span class='ocrx_word' id='word_1_196' title='bbox 888 2787 1058 2871; x_wconf 79' lang='lat' dir='ltr'><strong>pudorem,</strong></span> <span class='ocrx_word' id='word_1_197' title='bbox 1076 2811 1143 2853; x_wconf 89' lang='lat' dir='ltr'><strong>non</strong></span> 
     </span>
    </p>
   </div>
   <div class='ocr_carea' id='block_1_3' title="bbox 95 2941 1147 3927">
    <p class='ocr_par' dir='ltr' id='par_1_3' title="bbox 95 2941 1147 3234">
     <span class='ocr_line' id='line_1_25' title="bbox 127 2941 1147 3004; baseline 0.003 -14"><span class='ocrx_word' id='word_1_198' title='bbox 127 2941 228 2991; x_wconf 60' lang='lat'><strong>2⁷41.</strong></span> <span class='ocrx_word' id='word_1_199' title='bbox 263 2941 411 2993; x_wconf 76' lang='lat' dir='ltr'><strong>habuisse</strong></span> <span class='ocrx_word' id='word_1_200' title='bbox 447 2941 606 2991; x_wconf 79' lang='lat' dir='ltr'><strong>iudicatus</strong></span> <span class='ocrx_word' id='word_1_201' title='bbox 662 2941 723 2990; x_wconf 86' lang='grc'><strong>1-5.</strong></span> <span class='ocrx_word' id='word_1_202' title='bbox 736 2941 1147 3004; x_wconf 83' lang='lat' dir='ltr'><strong>Inhocpudore,‘inanh0n-</strong></span> 
     </span>
     <span class='ocr_line' id='line_1_26' title="bbox 95 3018 1146 3080; baseline 0.003 -14"><span class='ocrx_word' id='word_1_203' title='bbox 95 3021 157 3067; x_wconf 82' lang='lat' dir='ltr'><strong>eet:</strong></span> <span class='ocrx_word' id='word_1_204' title='bbox 170 3020 192 3068; x_wconf 90' lang='lat' dir='ltr'><strong>is</strong></span> <span class='ocrx_word' id='word_1_205' title='bbox 201 3020 256 3069; x_wconf 90' lang='lat' dir='ltr'><strong>this</strong></span> <span class='ocrx_word' id='word_1_206' title='bbox 263 3034 299 3068; x_wconf 87' lang='lat' dir='ltr'><strong>an</strong></span> <span class='ocrx_word' id='word_1_207' title='bbox 307 3019 471 3070; x_wconf 86' lang='lat' dir='ltr'><strong>illustration</strong></span> <span class='ocrx_word' id='word_1_208' title='bbox 478 3019 515 3080; x_wconf 88' lang='lat' dir='ltr'><strong>oi,</strong></span> <span class='ocrx_word' id='word_1_209' title='bbox 525 3033 556 3068; x_wconf 89' lang='lat' dir='ltr'><strong>or</strong></span> <span class='ocrx_word' id='word_1_210' title='bbox 563 3033 608 3068; x_wconf 89' lang='lat' dir='ltr'><strong>ex·</strong></span> <span class='ocrx_word' id='word_1_211' title='bbox 630 3018 719 3068; x_wconf 89' lang='lat' dir='ltr'><strong>orable</strong></span> <span class='ocrx_word' id='word_1_212' title='bbox 734 3020 873 3068; x_wconf 85' lang='lat' dir='ltr'><strong>character</strong></span> <span class='ocrx_word' id='word_1_213' title='bbox 892 3018 945 3067; x_wconf 85' lang='lat' dir='ltr'><strong>like</strong></span> <span class='ocrx_word' id='word_1_214' title='bbox 964 3019 1037 3068; x_wconf 84' lang='lat' dir='ltr'><strong>this&#39;</strong></span> <span class='ocrx_word' id='word_1_215' title='bbox 1072 3032 1146 3069; x_wconf 90' lang='lat' dir='ltr'><strong>con·</strong></span> 
     </span>
     <span class='ocr_line' id='line_1_27' title="bbox 95 3094 1145 3158; baseline 0.003 -14"><span class='ocrx_word' id='word_1_216' title='bbox 95 3097 201 3158; x_wconf 87' lang='lat' dir='ltr'><strong>ception</strong></span> <span class='ocrx_word' id='word_1_217' title='bbox 215 3101 252 3156; x_wconf 91' lang='lat' dir='ltr'><strong>to,</strong></span> <span class='ocrx_word' id='word_1_218' title='bbox 263 3097 309 3144; x_wconf 87' lang='lat' dir='ltr'><strong>the</strong></span> <span class='ocrx_word' id='word_1_219' title='bbox 319 3096 377 3146; x_wconf 88' lang='lat' dir='ltr'><strong>rule</strong></span> <span class='ocrx_word' id='word_1_220' title='bbox 388 3096 466 3158; x_wconf 81' lang='lat' dir='ltr'><strong>given</strong></span> <span class='ocrx_word' id='word_1_221' title='bbox 480 3109 515 3144; x_wconf 92' lang='lat' dir='ltr'><strong>on</strong></span> <span class='ocrx_word' id='word_1_222' title='bbox 526 3094 548 3145; x_wconf 94' lang='lat'><strong>1.</strong></span> <span class='ocrx_word' id='word_1_223' title='bbox 561 3094 607 3142; x_wconf 81' lang='lat'><strong>15.</strong></span> <span class='ocrx_word' id='word_1_224' title='bbox 630 3094 709 3143; x_wconf 82' lang='lat' dir='ltr'><strong>ierte</strong></span> <span class='ocrx_word' id='word_1_225' title='bbox 728 3131 734 3142; x_wconf 87' lang='lat'><strong>.</strong></span> <span class='ocrx_word' id='word_1_226' title='bbox 752 3131 757 3142; x_wconf 94' lang='lat'><em>.</em></span> <span class='ocrx_word' id='word_1_227' title='bbox 775 3131 781 3142; x_wconf 94' lang='lat'>.</span> <span class='ocrx_word' id='word_1_228' title='bbox 798 3095 1030 3156; x_wconf 75' lang='lat' dir='ltr'><strong>recognoscite:</strong></span> <span class='ocrx_word' id='word_1_229' title='bbox 1056 3098 1145 3146; x_wconf 82' lang='lat' dir='ltr'><strong>notice</strong></span> 
     </span>
     <span class='ocr_line' id='line_1_28' title="bbox 95 3171 1144 3234; baseline 0.003 -14"><span class='ocrx_word' id='word_1_230' title='bbox 95 3171 148 3220; x_wconf 75' lang='lat'><strong>32?</strong></span> <span class='ocrx_word' id='word_1_231' title='bbox 164 3171 330 3228; x_wconf 86' lang='lat' dir='ltr'><strong>inceterie,</strong></span> <span class='ocrx_word' id='word_1_232' title='bbox 343 3185 404 3234; x_wconf 63' lang='lat' dir='ltr'><strong>eg,</strong></span> <span class='ocrx_word' id='word_1_233' title='bbox 420 3173 542 3221; x_wconf 87' lang='lat' dir='ltr'><strong>Murena.</strong></span> <span class='ocrx_word' id='word_1_234' title='bbox 631 3171 677 3220; x_wconf 88' lang='lat' dir='ltr'><strong>the</strong></span> <span class='ocrx_word' id='word_1_235' title='bbox 709 3171 825 3221; x_wconf 84' lang='lat' dir='ltr'><strong>chiastic</strong></span> <span class='ocrx_word' id='word_1_236' title='bbox 857 3177 1055 3234; x_wconf 86' lang='lat' dir='ltr'><strong>arrangement,</strong></span> <span class='ocrx_word' id='word_1_237' title='bbox 1091 3173 1144 3223; x_wconf 88' lang='lat' dir='ltr'><strong>and</strong></span> 
     </span>
    </p>

    <p class='ocr_par' dir='ltr' id='par_1_4' title="bbox 95 3246 1146 3927">
     <span class='ocr_line' id='line_1_29' title="bbox 127 3246 1142 3310; baseline 0.001 -11"><span class='ocrx_word' id='word_1_238' title='bbox 127 3248 198 3307; x_wconf 74' lang='lat' dir='ltr'><strong>su.</strong></span> <span class='ocrx_word' id='word_1_239' title='bbox 223 3246 324 3296; x_wconf 78' lang='grc'>32-38.</span> <span class='ocrx_word' id='word_1_240' title='bbox 354 3251 545 3297; x_wconf 84' lang='lat' dir='ltr'><strong>maerentem</strong></span> <span class='ocrx_word' id='word_1_241' title='bbox 556 3247 608 3297; x_wconf 86' lang='lat' dir='ltr'><strong>de·</strong></span> <span class='ocrx_word' id='word_1_242' title='bbox 631 3249 707 3309; x_wconf 90' lang='lat' dir='ltr'><strong>point</strong></span> <span class='ocrx_word' id='word_1_243' title='bbox 732 3251 781 3297; x_wconf 89' lang='lat' dir='ltr'><strong>out</strong></span> <span class='ocrx_word' id='word_1_244' title='bbox 808 3261 844 3296; x_wconf 88' lang='lat' dir='ltr'><strong>an</strong></span> <span class='ocrx_word' id='word_1_245' title='bbox 873 3249 995 3298; x_wconf 85' lang='lat' dir='ltr'><strong>instance</strong></span> <span class='ocrx_word' id='word_1_246' title='bbox 1018 3249 1046 3298; x_wconf 91' lang='lat' dir='ltr'><strong>in</strong></span> <span class='ocrx_word' id='word_1_247' title='bbox 1067 3249 1080 3310; x_wconf 60' lang='grc' dir='ltr'><strong>ᾗ</strong></span> <span class='ocrx_word' id='word_1_248' title='bbox 1103 3249 1142 3302; x_wconf 78' lang='lat' dir='ltr'><strong>tt.</strong></span> 
     </span>
     <span class='ocr_line' id='line_1_30' title="bbox 95 3323 688 3385; baseline 0.003 -14"><span class='ocrx_word' id='word_1_249' title='bbox 95 3323 225 3372; x_wconf 82' lang='lat' dir='ltr'><strong>missum</strong></span> <span class='ocrx_word' id='word_1_250' title='bbox 242 3323 468 3385; x_wconf 83' lang='lat' dir='ltr'><strong>afflictumque:</strong></span> <span class='ocrx_word' id='word_1_251' title='bbox 486 3324 530 3373; x_wconf 87' lang='lat' dir='ltr'><strong>for</strong></span> <span class='ocrx_word' id='word_1_252' title='bbox 545 3337 608 3384; x_wconf 82' lang='lat' dir='ltr'><strong>-que</strong></span> <span class='ocrx_word' id='word_1_253' title='bbox 631 3326 688 3385; x_wconf 78' lang='grc'>7,8.</span> 
     </span>
     <span class='ocr_line' id='line_1_31' title="bbox 95 3398 1146 3463; baseline 0.003 -15"><span class='ocrx_word' id='word_1_254' title='bbox 95 3413 139 3449; x_wconf 86' lang='lat' dir='ltr'><strong>see</strong></span> <span class='ocrx_word' id='word_1_255' title='bbox 157 3413 193 3449; x_wconf 92' lang='lat' dir='ltr'><strong>on</strong></span> <span class='ocrx_word' id='word_1_256' title='bbox 214 3398 252 3449; x_wconf 90' lang='lat'><strong>11.</strong></span> <span class='ocrx_word' id='word_1_257' title='bbox 274 3398 319 3447; x_wconf 81' lang='lat'><strong>14.</strong></span> <span class='ocrx_word' id='word_1_258' title='bbox 335 3401 359 3448; x_wconf 88' lang='lat'><strong>4.</strong></span> <span class='ocrx_word' id='word_1_259' title='bbox 402 3400 609 3448; x_wconf 77' lang='lat' dir='ltr'><strong>invitamenta</strong></span> <span class='ocrx_word' id='word_1_260' title='bbox 663 3400 1146 3463; x_wconf 77' lang='lat' dir='ltr'><strong>§75.5-11.rr1ttorempuati-</strong></span> 
     </span>
     <span class='ocr_line' id='line_1_32' title="bbox 95 3476 1145 3539; baseline 0.004 -15"><span class='ocrx_word' id='word_1_261' title='bbox 95 3476 188 3533; x_wconf 85' lang='lat' dir='ltr'><strong>urbie‚</strong></span> <span class='ocrx_word' id='word_1_262' title='bbox 214 3476 311 3538; x_wconf 88' lang='lat' dir='ltr'><strong>‘many</strong></span> <span class='ocrx_word' id='word_1_263' title='bbox 330 3476 492 3527; x_wconf 81' lang='lat' dir='ltr'><strong>attractione</strong></span> <span class='ocrx_word' id='word_1_264' title='bbox 510 3477 539 3524; x_wconf 92' lang='lat' dir='ltr'><strong>in</strong></span> <span class='ocrx_word' id='word_1_265' title='bbox 562 3476 609 3524; x_wconf 91' lang='lat' dir='ltr'><strong>the</strong></span> <span class='ocrx_word' id='word_1_266' title='bbox 631 3488 707 3535; x_wconf 81' lang='lat' dir='ltr'><strong>cam,</strong></span> <span class='ocrx_word' id='word_1_267' title='bbox 727 3476 759 3526; x_wconf 83' lang='lat'><strong>‘1</strong></span> <span class='ocrx_word' id='word_1_268' title='bbox 779 3483 829 3539; x_wconf 91' lang='lat' dir='ltr'><strong>put</strong></span> <span class='ocrx_word' id='word_1_269' title='bbox 851 3479 897 3527; x_wconf 90' lang='lat' dir='ltr'><strong>the</strong></span> <span class='ocrx_word' id='word_1_270' title='bbox 912 3477 1003 3539; x_wconf 88' lang='lat' dir='ltr'><strong>publlc</strong></span> <span class='ocrx_word' id='word_1_271' title='bbox 1021 3479 1145 3529; x_wconf 86' lang='lat' dir='ltr'><strong>interests</strong></span> 
     </span>
     <span class='ocr_line' id='line_1_33' title="bbox 95 3551 1146 3618; baseline 0.005 -18"><span class='ocrx_word' id='word_1_272' title='bbox 95 3551 214 3614; x_wconf 79' lang='lat' dir='ltr'><strong>capital’</strong></span> <span class='ocrx_word' id='word_1_273' title='bbox 250 3551 402 3613; x_wconf 74' lang='lat' dir='ltr'><strong>cumlege</strong></span> <span class='ocrx_word' id='word_1_274' title='bbox 414 3551 608 3609; x_wconf 84' lang='lat' dir='ltr'><strong>retineretur,</strong></span> <span class='ocrx_word' id='word_1_275' title='bbox 631 3559 679 3603; x_wconf 87' lang='lat' dir='ltr'><strong>out</strong></span> <span class='ocrx_word' id='word_1_276' title='bbox 699 3554 728 3603; x_wconf 91' lang='lat' dir='ltr'><strong>oi</strong></span> <span class='ocrx_word' id='word_1_277' title='bbox 750 3554 823 3616; x_wconf 85' lang='lat' dir='ltr'><strong>sight</strong></span> <span class='ocrx_word' id='word_1_278' title='bbox 835 3554 856 3602; x_wconf 90' lang='lat'><strong>:’</strong></span> <span class='ocrx_word' id='word_1_279' title='bbox 882 3554 926 3603; x_wconf 88' lang='lat' dir='ltr'><strong>for</strong></span> <span class='ocrx_word' id='word_1_280' title='bbox 943 3556 1020 3605; x_wconf 82' lang='lat' dir='ltr'><strong>mitio</strong></span> <span class='ocrx_word' id='word_1_281' title='bbox 1039 3554 1086 3618; x_wconf 88' lang='lat' dir='ltr'><strong>(sc.</strong></span> <span class='ocrx_word' id='word_1_282' title='bbox 1106 3556 1146 3605; x_wconf 84' lang='lat' dir='ltr'><strong>di-</strong></span> 
     </span>
     <span class='ocr_line' id='line_1_34' title="bbox 98 3627 1145 3691; baseline 0.004 -15"><span class='ocrx_word' id='word_1_283' title='bbox 98 3627 244 3690; x_wconf 85' lang='lat' dir='ltr'><strong>‘although</strong></span> <span class='ocrx_word' id='word_1_284' title='bbox 256 3629 303 3677; x_wconf 88' lang='lat' dir='ltr'><strong>the</strong></span> <span class='ocrx_word' id='word_1_285' title='bbox 316 3628 367 3677; x_wconf 82' lang='lat' dir='ltr'><strong>law</strong></span> <span class='ocrx_word' id='word_1_286' title='bbox 379 3628 493 3678; x_wconf 82' lang='lat' dir='ltr'><strong>allowed</strong></span> <span class='ocrx_word' id='word_1_287' title='bbox 508 3627 569 3677; x_wconf 88' lang='lat' dir='ltr'><strong>him</strong></span> <span class='ocrx_word' id='word_1_288' title='bbox 581 3633 609 3677; x_wconf 87' lang='lat' dir='ltr'><strong>to</strong></span> <span class='ocrx_word' id='word_1_289' title='bbox 632 3629 703 3691; x_wconf 87' lang='lat' dir='ltr'><strong>cere)</strong></span> <span class='ocrx_word' id='word_1_290' title='bbox 716 3643 761 3679; x_wconf 89' lang='lat' dir='ltr'><strong>see</strong></span> <span class='ocrx_word' id='word_1_291' title='bbox 772 3643 807 3680; x_wconf 92' lang='lat' dir='ltr'><strong>on</strong></span> <span class='ocrx_word' id='word_1_292' title='bbox 821 3631 835 3690; x_wconf 83' lang='lat'>§</span> <span class='ocrx_word' id='word_1_293' title='bbox 849 3631 888 3680; x_wconf 80' lang='lat'><strong>22.</strong></span> <span class='ocrx_word' id='word_1_294' title='bbox 906 3631 945 3681; x_wconf 81' lang='lat'><strong>26.</strong></span> <span class='ocrx_word' id='word_1_295' title='bbox 1004 3630 1084 3689; x_wconf 77' lang='lat' dir='ltr'><strong>Non,</strong></span> <span class='ocrx_word' id='word_1_296' title='bbox 1101 3632 1145 3680; x_wconf 91' lang='lat' dir='ltr'><strong>in-</strong></span> 
     </span>
     <span class='ocr_line' id='line_1_35' title="bbox 96 3705 1144 3770; baseline 0.005 -18"><span class='ocrx_word' id='word_1_297' title='bbox 96 3705 225 3754; x_wconf 87' lang='lat' dir='ltr'><strong>remain:&#39;</strong></span> <span class='ocrx_word' id='word_1_298' title='bbox 240 3718 284 3754; x_wconf 88' lang='lat' dir='ltr'><strong>see</strong></span> <span class='ocrx_word' id='word_1_299' title='bbox 296 3719 330 3753; x_wconf 88' lang='lat' dir='ltr'><strong>on</strong></span> <span class='ocrx_word' id='word_1_300' title='bbox 345 3705 359 3766; x_wconf 64' lang='grc' dir='ltr'><strong>ξ</strong></span> <span class='ocrx_word' id='word_1_301' title='bbox 384 3705 420 3756; x_wconf 79' lang='lat'><strong>17.</strong></span> <span class='ocrx_word' id='word_1_302' title='bbox 435 3705 474 3754; x_wconf 82' lang='lat'><strong>44.</strong></span> <span class='ocrx_word' id='word_1_303' title='bbox 510 3715 609 3765; x_wconf 81' lang='lat' dir='ltr'><strong>paene</strong></span> <span class='ocrx_word' id='word_1_304' title='bbox 632 3717 731 3766; x_wconf 81' lang='lat' dir='ltr'><strong>quam,</strong></span> <span class='ocrx_word' id='word_1_305' title='bbox 744 3711 805 3766; x_wconf 85' lang='lat' dir='ltr'><strong>etc,</strong></span> <span class='ocrx_word' id='word_1_306' title='bbox 819 3719 936 3756; x_wconf 83' lang='lat' dir='ltr'><strong>answers</strong></span> <span class='ocrx_word' id='word_1_307' title='bbox 955 3708 1002 3756; x_wconf 87' lang='lat' dir='ltr'><strong>the</strong></span> <span class='ocrx_word' id='word_1_308' title='bbox 1020 3709 1144 3770; x_wconf 88' lang='lat' dir='ltr'><strong>question</strong></span> 
     </span>
     <span class='ocr_line' id='line_1_36' title="bbox 96 3781 1146 3846; baseline 0.005 -17"><span class='ocrx_word' id='word_1_309' title='bbox 96 3781 216 3841; x_wconf 86' lang='lat' dir='ltr'><strong>quaiifies</strong></span> <span class='ocrx_word' id='word_1_310' title='bbox 230 3782 275 3829; x_wconf 88' lang='lat' dir='ltr'><strong>the</strong></span> <span class='ocrx_word' id='word_1_311' title='bbox 295 3781 381 3830; x_wconf 88' lang='lat' dir='ltr'><strong>whole</strong></span> <span class='ocrx_word' id='word_1_312' title='bbox 397 3781 555 3843; x_wconf 88' lang='lat' dir='ltr'><strong>expression</strong></span> <span class='ocrx_word' id='word_1_313' title='bbox 568 3793 610 3829; x_wconf 80' lang='lat' dir='ltr'><strong>ec·</strong></span> <span class='ocrx_word' id='word_1_314' title='bbox 632 3783 659 3830; x_wconf 89' lang='lat' dir='ltr'><strong>in</strong></span> <span class='ocrx_word' id='word_1_315' title='bbox 671 3783 685 3844; x_wconf 65' lang='grc' dir='ltr'><strong>ς</strong></span> <span class='ocrx_word' id='word_1_316' title='bbox 697 3782 736 3833; x_wconf 78' lang='lat' dir='ltr'><strong>ri.</strong></span> <span class='ocrx_word' id='word_1_317' title='bbox 749 3784 802 3842; x_wconf 81' lang='lat'><strong>1,2.</strong></span> <span class='ocrx_word' id='word_1_318' title='bbox 838 3781 925 3830; x_wconf 84' lang='lat' dir='ltr'><strong>cadit</strong></span> <span class='ocrx_word' id='word_1_319' title='bbox 936 3783 975 3846; x_wconf 78' lang='lat' dir='ltr'><strong>in,</strong></span> <span class='ocrx_word' id='word_1_320' title='bbox 987 3782 1146 3842; x_wconf 84' lang='lat' dir='ltr'><strong>‘isconsist-</strong></span> 
     </span>
     <span class='ocr_line' id='line_1_37' title="bbox 95 3856 776 3927; baseline 0.001 -20"><span class='ocrx_word' id='word_1_321' title='bbox 95 3856 144 3914; x_wconf 80' lang='lat' dir='ltr'><strong>tito</strong></span> <span class='ocrx_word' id='word_1_322' title='bbox 154 3856 287 3924; x_wconf 71' lang='lat' dir='ltr'><strong>inuitauit,</strong></span> <span class='ocrx_word' id='word_1_323' title='bbox 300 3856 607 3927; x_wconf 81' lang='lat' dir='ltr'><strong>‘lmightalmostsay.&#39;</strong></span> <span class='ocrx_word' id='word_1_324' title='bbox 632 3862 679 3913; x_wconf 79' lang='lat' dir='ltr'><strong>ent</strong></span> <span class='ocrx_word' id='word_1_325' title='bbox 693 3857 776 3914; x_wconf 82' lang='lat' dir='ltr'><strong>with,’</strong></span> 
     </span>
    </p>
   </div>
   <div class='ocr_carea' id='block_1_4' title="bbox 0 0 1472 4376">
    <p class='ocr_par' dir='ltr' id='par_1_5' title="bbox 0 0 1472 4376">
     <span class='ocr_line' id='line_1_38' title="bbox 0 0 1472 4376; baseline 0 0"><span class='ocrx_word' id='word_1_326' title='bbox 0 0 1472 4376; x_wconf 95' lang='lat' dir='ltr'><strong> </strong></span> 
     </span>
    </p>
   </div>
  </div>
 </body>
</html>
