2870 4376
249 301 315 372 524
572 317 644 372 rao
667 319 697 372 r.
722 317 850 372 snsrro
873 317 1022 372 011110.

246 508 275 552 30
297 515 358 557 nec
382 495 565 558 senectutis
588 495 668 558 satis
692 495 814 558 iustam
839 495 992 578 putavit3
1016 505 1114 558 nemo
1130 493 1208 572 fuit,
1225 495 1288 580 qui
1311 517 1347 560 se

298 619 363 660 non
381 619 448 661 renr
466 597 633 682 publicam
651 620 781 662 mecum
799 598 901 662 simul
918 619 1072 662 revocare
1096 599 1131 660 in
1155 620 1233 663 suas
1250 598 1348 664 sedes

297 700 525 765 arbitraretur.

227 806 284 868 113
343 821 420 867 nur.
459 805 645 870 Videamus
669 827 758 869 nuno
789 806 924 870 comitia
949 808 1216 892 magistratuum.
1266 807 1349 871 Fuit

298 910 487 995 conlegium
519 931 626 994 nuper
659 907 887 986 tribunicium,
919 911 953 972 in
997 931 1065 994 quo
1096 917 1164 974 tres
1196 911 1347 987 minime,

300 1012 516 1077 vehementer
547 1013 614 1078 duo
646 1014 824 1098 populares
855 1013 1146 1078 existimabantur.
1208 1015 1262 1078 Ex
1295 1016 1347 1090 iis,

298 1117 357 1200 qui
385 1118 562 1201 populares
590 1111 657 1182 non
685 1117 905 1194 habebantur,
931 1117 1054 1202 quibus
1082 1120 1116 1181 in
1141 1119 1200 1182 illo
1223 1141 1347 1205 genere

259 1237 273 1280 5
295 1219 537 1284 conductarum
557 1223 750 1285 contionum
769 1220 974 1286 consistendi
999 1231 1148 1306 potestas
1172 1244 1239 1286 non
1264 1233 1347 1294 erat,

297 1323 365 1388 duo
388 1345 408 1387 a
430 1326 556 1409 populo
574 1325 724 1389 Romano
747 1333 915 1409 praetores
941 1325 1039 1389 video
1061 1348 1131 1390 esse
1148 1326 1276 1402 iactos3
1302 1336 1347 1402 et,

297 1438 462 1512 quantum
493 1429 703 1493 sermonibus
734 1428 829 1514 vulgi
861 1437 895 1492 et
934 1427 1105 1515 suffragiis
1148 1431 1347 1516 intellegere

296 1534 402 1616 potui,
420 1555 497 1617 prae
514 1555 549 1597 se
574 1534 720 1617 populus
746 1533 919 1596 Romanus
943 1531 1074 1596 ferebat
1098 1533 1162 1598 sibi
1187 1535 1285 1597 illum
1312 1537 1346 1597 in

296 1635 471 1700 tribunatu
490 1636 551 1701 Cn.
570 1637 698 1701 Domiti
716 1638 864 1700 animum
883 1645 1095 1701 constantem
1113 1646 1149 1701 et
1171 1640 1349 1724 egregium

243 1755 273 1800 10
293 1748 330 1804 et
360 1739 400 1818 Q.
435 1741 583 1805 Anchari
616 1741 713 1805 fidem
748 1762 785 1805 ac
816 1740 1063 1817 fortitudinem,
1095 1742 1227 1806 etiamsi
1260 1743 1348 1806 nihil

295 1865 393 1930 agere
416 1847 615 1929 potuissent,
634 1854 745 1910 tamen
770 1846 947 1910 voluntate
973 1845 1046 1929 ipsa
1068 1854 1202 1931 gratum
1228 1844 1349 1910 fuisse.

295 1947 366 2011 Iam
383 1947 424 2012 de
442 1947 479 2012 O.
497 1948 626 2013 Fannio
645 1970 730 2032 quae
754 1950 799 2012 sit
819 1949 1035 2024 existimatio,
1053 1949 1207 2014 videmus
1218 1973 1227 2024 ;
1252 1950 1350 2034 quod

294 2051 456 2117 iudicium
484 2053 600 2138 populi
633 2053 772 2117 Romani
805 2054 839 2115 in
870 2051 1051 2117 honoribus
1083 2054 1155 2118 eius
1185 2052 1347 2118 futurum

223 2157 281 2220 114
295 2157 349 2233 sit,
374 2159 499 2222 nemini
527 2157 667 2222 dubium
695 2177 766 2222 esse
795 2157 904 2222 debet.
951 2155 1069 2236 Quid?
1091 2158 1350 2243 popularesilli

242 2274 270 2317 15
292 2259 360 2324 duo
380 2260 463 2345 quid
489 2261 658 2346 egerunt?
703 2261 812 2338 Alter,
837 2262 896 2345 qui
920 2269 1033 2326 tamen
1059 2283 1094 2327 se
1118 2263 1350 2338 continuerat,

293 2365 420 2428 tulerat
450 2365 544 2440 nihil,
576 2374 726 2429 senserat
756 2373 888 2428 tantum
921 2365 961 2430 de
993 2389 1028 2430 re
1065 2366 1199 2451 publiea
1238 2367 1350 2442 aliud,

292 2476 394 2553 atque
411 2469 562 2533 homines
589 2468 840 2553 exspectabant,
858 2470 910 2533 vir
934 2477 970 2534 et
992 2468 1100 2534 bonus
1123 2477 1159 2534 et
1181 2471 1352 2536 innocens

321 2637 396 2694 §11:3.
416 2639 476 2688 1-3.
502 2641 799 2702 comitiamagistra-
824 2640 888 2704 ling.
940 2641 1004 2691 duo
1031 2645 1201 2704 praetores,
1225 2643 1271 2692 101
1298 2645 1352 2695 the

289 2718 390 2764 tuum:
408 2717 442 2766 ci.
468 2715 480 2773 1
501 2718 554 2767 109.
581 2721 605 2779 1;
628 2718 729 2779 having
747 2718 799 2766 ‹iis-
823 2731 886 2778 year
901 2717 940 2766 56.
983 2731 1057 2780 prae
1077 2731 1113 2768 se
1130 2755 1136 2766 .
1154 2755 1159 2766 .
1177 2754 1183 2766 .
1201 2717 1348 2769 terebat:

289 2792 382 2840 cussed
399 2792 444 2840 the
457 2794 568 2842 comitio
586 2793 673 2853 leptim
685 2793 720 2841 he
739 2807 799 2842 now
822 2793 866 2842 101
887 2795 1015 2857 meaning
1037 2795 1072 2844 ci.
1098 2796 1112 2858 §
1140 2796 1179 2844 61.
1210 2797 1249 2845 28.
1301 2798 1350 2846 sit

288 2872 366 2915 turns
379 2873 407 2917 to
418 2869 464 2916 the
478 2870 588 2917 comitto
606 2881 676 2928 may.
697 2867 799 2916 conle-
823 2869 1033 2920 existimatio:
1067 2872 1101 2921 he
1124 2885 1178 2921 was
1202 2874 1349 2935 pontifex,

288 2942 385 3002 gium:
402 2957 483 3005 saep.
498 2944 537 3003 63,
552 2945 618 3005 sto,
633 2959 658 3006 p.
673 2945 713 3004 66,
732 2943 795 3001 §th
822 2945 923 2994 elected
947 2947 975 2995 in
994 2947 1033 2998 51.
1070 2947 1210 2996 futurum
1231 2949 1291 2996 sit:
1310 2949 1350 2999 he

287 3029 386 3080 nuper
401 3020 428 3068 in
446 3021 490 3068 59:
508 3021 569 3071 who
586 3035 655 3069 were
672 3022 719 3069 the
736 3034 797 3069 con·
822 3021 910 3083 hoped
923 3028 952 3071 to
964 3023 997 3072 be
1009 3032 1125 3086 praetor.

288 3095 366 3144 suls?
383 3095 646 3153 tresminime,Cn.
661 3096 797 3145 Domitius
854 3099 868 3159 §
892 3099 945 3147 114.
975 3098 1077 3147 14-17.
1106 3099 1201 3158 Quid:
1230 3101 1350 3164 explain

288 3169 427 3232 Calvinus,
447 3171 479 3232 Q.
498 3173 661 3234 Ancharius,
678 3173 707 3222 Ο.
729 3173 797 3221 Fan·
822 3174 856 3223 its
879 3189 934 3224 use.
980 3175 1027 3224 illi
1052 3175 1129 3225 duo:
1155 3189 1198 3226 see
1216 3190 1253 3226 on
1279 3178 1297 3228 l.
1320 3181 1348 3229 3.

287 3247 356 3296 nius.
392 3247 592 3298 vehementer
611 3249 723 3306 duo,P.
744 3249 798 3298 Va·
822 3250 897 3311 quid
921 3255 1056 3313 egerunt,
1082 3252 1158 3302 ‘how
1180 3253 1252 3303 have
1278 3256 1351 3319 they

286 3324 380 3385 tinius,
410 3324 440 3374 Ο.
476 3325 572 3375 Alfius.
625 3327 721 3375 Notice
751 3326 797 3374 the
822 3327 935 3376 iared?’
952 3328 1051 3386 Alter,
1061 3328 1089 3378 C.
1101 3328 1196 3392 Altius,
1206 3330 1237 3379 01
1250 3332 1350 3382 whom

286 3400 432 3461 ehiasmus,
450 3402 503 3450 and
523 3403 584 3450 that
605 3402 656 3451 five
676 3403 798 3450 tribunes
823 3402 916 3453 Oiee'ro
928 3406 1025 3467 speaks
1037 3405 1096 3454 well
1114 3406 1143 3454 in
1157 3407 1237 3456 other
1249 3408 1351 3470 places

286 3476 392 3525 areleft
412 3479 501 3527 outoi
518 3485 633 3527 account
650 3493 679 3527 as
697 3479 798 3540 having
822 3479 886 3530 also.
932 3481 1048 3530 tulerat
1075 3481 1158 3539 nihil,
1184 3483 1257 3532 ‘had
1284 3499 1350 3547 pro

285 3552 368 3600 taken
382 3568 418 3602 no
429 3568 492 3616 very
504 3555 614 3604 decided
628 3555 716 3604 stand.
822 3557 902 3618 posed
912 3558 1046 3621 nothing.'
1082 3561 1206 3608 tentum
1220 3595 1226 3607 .
1241 3595 1247 3606 .
1264 3595 1270 3608 .
1288 3573 1350 3610 ex·

317 3628 398 3676 4-13.
417 3642 585 3690 genere...
601 3631 797 3680 contionum:
822 3633 1016 3694 spectabant,
1052 3635 1125 3684 ‘had
1153 3635 1256 3698 merely
1286 3638 1348 3688 had

285 3703 329 3752 101
350 3705 397 3754 the
424 3721 484 3768 gen.
509 3707 543 3756 01.
574 3708 587 3768 1
611 3708 650 3757 90.
679 3710 701 3757 1.
726 3718 798 3757 con·
822 3710 992 3760 otherviews
1009 3725 1044 3760 on
1062 3711 1170 3774 politice
1186 3713 1257 3762 than
1275 3727 1348 3764 men

285 3780 426 3840 sistendi,
445 3781 489 3831 ‘oi
505 3783 622 3845 keeping
642 3784 713 3832 their
729 3784 797 3832 1001-
821 3785 970 3847 expected!
1005 3785 1099 3845 aliud,
1111 3790 1222 3848 atque:
1239 3803 1286 3839 see
1305 3805 1349 3840 on

285 3856 359 3919 ing3’
379 3858 425 3906 the
437 3859 579 3920 metaphor
591 3860 613 3908 is
625 3863 696 3908 from
708 3865 798 3909 111111-
822 3860 891 3910 Mur.
905 3860 951 3909 ³5.
965 3863 1003 3913 11.
