2838 4380
465 327 520 382 nr.
545 325 752 393 xr1.,§a-a
952 306 955 314 ’
1115 309 1181 397 405

81 501 207 569 tionem
234 500 411 588 pertimui3
435 500 622 587 digressum
646 522 726 566 vero
751 521 817 563 non
845 495 1007 575 tulissem,
1024 505 1127 585 atque

81 609 181 672 etiam
207 605 242 671 id
268 607 389 692 ipsum,
406 605 497 690 quod
525 613 562 670 tu
589 603 717 680 scribis,
742 602 943 680 metuebam,
968 625 1009 668 ne
1033 625 1052 668 a
1077 625 1128 670 me
1151 617 1181 663 oo

80 711 220 777 distrahi
237 733 304 775 non
329 732 452 796 posses.
498 708 562 773 His
578 707 619 773 de
636 709 745 773 causis
768 708 830 772 hoo
856 709 1039 772 maximum
1062 729 1128 773 ma·

79 816 161 893 lum,
179 814 271 901 quod
289 823 322 880 te
346 835 414 878 non
430 813 511 891 vidi,
529 835 596 898 quo
619 812 705 876 nihil
732 812 967 877 amantissimis
995 820 1030 876 et
1053 834 1128 877 con·

78 919 297 985 iunctissimis
314 917 472 983 fratribus
488 916 638 982 acerbius
651 914 787 982 videtur
799 914 948 982 accidere
965 917 1125 1001 potuisse,

78 1023 189 1088 minus
204 1022 372 1099 acerbum,
390 1023 500 1086 minus
517 1009 676 1086 miserum¹
698 1019 775 1096 fuit,
795 1040 895 1105 quam
914 1019 1036 1086 fuisset
1051 1044 1127 1087 oum
1151 1035 1181 1081 ss

78 1128 282 1213 congressio,
295 1134 369 1191 tum
392 1147 470 1190 vero
494 1123 656 1212 digressio
679 1132 804 1188 nostra.
851 1123 961 1201 Nunc,
981 1127 1008 1190 si
1032 1131 1165 1211 potest

78 1230 123 1307 id,
140 1229 232 1316 quod
247 1252 320 1317 eg0,
337 1230 398 1315 qui
413 1228 473 1294 tibi
487 1249 616 1314 semper
628 1228 724 1292 fortis
737 1227 883 1305 videbar,
898 1251 964 1294 non
977 1251 1125 1314 possum,

77 1337 167 1422 erige
197 1345 230 1402 te
258 1344 295 1401 et
320 1334 487 1411 confirma,
504 1335 532 1398 si
560 1354 627 1418 qua
649 1332 824 1398 subeunda
847 1333 1019 1399 dimicatio
1041 1336 1123 1400 erit:

76 1463 186 1526 sper0,
216 1442 245 1506 si
276 1440 360 1526 quid
390 1462 463 1505 mea
493 1461 569 1524 spes
608 1438 709 1503 habet
747 1439 967 1515 auctoritatis,
1000 1439 1061 1505 tibi
1091 1449 1126 1506 et

75 1547 306 1633 integritatem
324 1552 417 1610 tuam
433 1551 468 1608 et
484 1565 630 1608 amorem
646 1544 680 1606 in
707 1552 740 1608 te
768 1544 915 1608 civitatis
940 1551 975 1608 et
997 1545 1126 1630 aliquid

75 1652 178 1717 ctiam
200 1649 458 1716 misericordiam
480 1649 586 1713 nostri
608 1647 765 1733 praesidii
788 1649 932 1712 laturam
944 1671 952 1724 ;
984 1650 1038 1713 sin
1060 1651 1126 1716 eris
1148 1664 1178 1709 os

29 1760 34 1768 “
76 1757 119 1822 ab
133 1758 198 1822 isto
214 1757 363 1842 periculo
379 1778 519 1832 vacuus,
536 1755 622 1842 ages¹
637 1755 775 1830 scilicet,
792 1755 821 1819 si
845 1754 928 1839 quid
950 1756 1005 1842 agi
1027 1779 1124 1842 posse

76 1860 119 1926 de
149 1861 244 1926 nobis
275 1861 418 1947 putabis.
466 1859 517 1926 De
549 1881 617 1946 quo
648 1859 800 1924 scribunt
829 1857 873 1923 ad
904 1881 956 1926 me
988 1861 1125 1946 quidem

76 1967 177 2030 inuiti
193 1966 301 2031 multa
317 1974 352 2032 et
372 1989 407 2031 se
430 1986 561 2050 sperare
586 1964 836 2039 demonstrant3
862 1962 921 2028 sed
943 1987 1015 2052 ego,
1033 1967 1124 2051 quod

76 2093 215 2158 sperem,
239 2093 305 2135 non
327 2070 478 2156 dispicio,
507 2091 583 2134 oum
611 2069 737 2134 inimici
765 2070 948 2154 plurimum
978 2069 1123 2147 valeant,

76 2176 320 2262 amioipartim
341 2174 550 2241 deseruerint
566 2195 628 2249 me,
644 2173 767 2258 partim
790 2174 890 2238 etiam
907 2172 1125 2258 prodiderint,
1148 2191 1179 2238 το

77 2263 188 2365 quiin
203 2302 277 2346 meo
301 2279 412 2345 reditu
436 2279 576 2344 fortasse
601 2276 891 2361 reprehensionem
915 2279 966 2341 sui
990 2278 1124 2344 socieris

77 2384 327 2468 pertimescunt.
374 2381 449 2460 Sed,
467 2383 532 2447 ista
549 2381 661 2467 qualia
676 2381 754 2456 sint,
771 2387 809 2444 tu
826 2382 928 2446 velim
944 2383 1124 2467 perspicias

76 2487 225 2574 mihique
242 2489 400 2555 declares.
448 2487 521 2574 Ego
538 2493 661 2559 tamen,
679 2485 841 2570 quamdiu
864 2485 924 2550 tibi
949 2507 1034 2570 opus
1050 2487 1122 2564 erit,

76 2593 105 2656 si
131 2592 213 2677 quid
231 2593 372 2677 periculi
395 2590 607 2658 subeundum
631 2587 770 2665 videbis
787 2590 918 2654 vivam:
943 2589 1073 2656 diutius
1088 2593 1124 2655 in

76 2694 138 2760 hac
154 2696 225 2761 vita
240 2719 311 2762 esse
328 2718 396 2761 non
418 2717 574 2782 possum3
599 2715 708 2779 neque
732 2693 821 2758 enim
845 2701 979 2758 tantum
1002 2696 1125 2760 virium
1149 2717 1178 2763 ro

76 2799 178 2866 habet
206 2801 277 2866 ulla
306 2810 367 2867 aut
396 2800 576 2886 prudentia
613 2807 675 2864 aut
713 2799 874 2875 doctrina,
914 2807 954 2863 ut
990 2807 1124 2865 tantum

76 2904 225 2970 dolorem
261 2907 367 2991 possit
404 2908 579 2971 sustinere.
627 2902 704 2968 Scio
742 2902 847 2968 fuisse
885 2910 921 2968 et
949 2903 1162 2969 honestiust

108 3085 211 3136 54-57.
244 3099 308 3136 non
319 3087 469 3145 tulissem,
495 3086 588 3137 ‘could
614 3085 679 3135 Suii.
704 3085 729 3134 2.
753 3086 791 3134 20.
826 3083 981 3146 praesidii,
998 3085 1126 3147 partitive

75 3167 125 3212 not
141 3163 210 3212 have
227 3163 337 3213 borne:'
356 3164 402 3212 the
415 3163 474 3212 idea
485 3164 515 3213 oi
531 3177 590 3226 pos·
615 3163 680 3211 with
701 3161 809 3224 aliquid
830 3163 876 3211 the
894 3162 984 3225 object
1002 3162 1031 3211 of
1055 3162 1126 3212 latu·

76 3238 177 3300 sibility
198 3239 247 3289 lies
272 3241 299 3288 in
325 3240 371 3289 the
394 3240 520 3302 thought,
540 3245 588 3289 not
613 3251 681 3287 rum.

76 3315 124 3363 the
141 3315 233 3364 mood:
253 3317 290 3365 of.
310 3315 376 3366 Snil.
390 3316 436 3364 44.
461 3317 504 3378 343
527 3331 589 3378 sup·
645 3312 746 3362 67-73.
769 3314 815 3364 De
839 3328 902 3378 quo
921 3314 1004 3365 refers
1027 3320 1055 3364 to
1078 3317 1124 3378 ogi

76 3389 123 3452 phy
150 3385 205 3440 the
230 3393 345 3454 protasis
379 3393 519 3456 suggested
553 3408 587 3441 on
610 3405 697 3452 posse.
741 3391 831 3441 multi
858 3392 969 3441 multa:
998 3391 1124 3441 different

77 3465 127 3527 Ep.
147 3465 210 3516 XV.
226 3466 299 3516 1.1a
343 3467 428 3530 quod
445 3503 451 3515 .
468 3505 474 3516 .
491 3503 497 3516 .
514 3467 588 3526 vidi,
612 3481 686 3517 cases
709 3469 739 3518 oi
760 3469 807 3518 the
830 3483 904 3518 same
922 3468 993 3518 word
1016 3469 1124 3532 acquire

61 3549 106 3590 ‘as
124 3541 151 3590 in
169 3541 219 3600 §2
238 3543 270 3592 20
286 3558 317 3611 or
330 3545 357 3592 in
377 3543 428 3606 Η.
439 3544 493 3594 26?
612 3545 748 3607 emphasis
766 3547 801 3608 by
818 3546 1026 3608 juxtaposition.
1062 3543 1123 3594 dis·

109 3621 122 3679 t
144 3619 168 3668 5.
194 3617 240 3668 6⁵.
273 3620 381 3678 nostri,
409 3634 470 3682 gen.
498 3620 533 3682 pi.
560 3621 589 3671 ot
611 3620 710 3682 picio:
732 3622 776 3671 for
793 3623 921 3684 meaning
943 3636 1037 3672 seeon
1054 3621 1120 3673 Suii.

77 3709 134 3756 epo,
158 3692 212 3758 obj.
237 3696 267 3744 of
293 3697 516 3758 nrisericordium,
540 3703 588 3746 not
611 3697 657 3746 40.
674 3696 697 3749 7.
732 3697 853 3759 partim,
876 3712 906 3747 as
929 3699 957 3747 in
981 3699 1051 3748 Mur.
1077 3698 1123 3748 51.

76 3771 225 3820 connected
247 3777 276 3820 at
298 3771 334 3820 all
354 3770 420 3820 with
435 3772 588 3832 praesidii:
612 3774 651 3823 26.
694 3773 754 3822 tibi
777 3786 870 3836 opus:
899 3787 935 3824 sc.
959 3789 1001 3824 me
1024 3776 1121 3841 vivere,

75 3846 121 3900 for
131 3847 187 3897 this
204 3847 339 3898 awkward
356 3848 474 3914 position
492 3861 535 3898 see
552 3863 587 3899 on
611 3850 682 3900 from
694 3850 742 3900 the
753 3850 895 3918 following
906 3852 1002 3906 vivam.
