2876 4378
225 259 288 330 536
311 329 313 334 ,
583 276 655 328 ruo
678 277 708 327 Ρ.
733 277 860 328 susam
883 233 1032 328 oacrio.
1085 349 1087 353 ι

277 451 368 516 oium
380 471 481 535 quam
497 449 568 514 siue
584 449 624 514 iis
640 451 792 535 captivis,
805 471 825 522 a
837 450 960 534 quibus
976 448 1019 513 ad
1033 456 1188 513 senatum
1200 449 1328 514 missus

277 561 357 631 erat,
375 555 499 618 Romae
515 575 647 618 manere
667 553 832 629 maluerit,
850 560 885 616 et
907 553 988 616 mihi
1012 574 1114 638 negas
1137 553 1328 638 optandum

223 675 254 720 ao
275 658 421 723 reditum
451 658 554 722 fuisse
585 680 644 741 per
675 655 816 721 familias
853 663 1060 741 comparatas
1099 663 1134 721 et
1170 657 1327 722 homines

276 762 446 826 armatos?
491 779 550 824 Lx.
581 761 661 824 Vim
688 761 817 824 scilicet
841 783 902 846 ego
929 759 1127 837 desideravi,
1152 762 1222 844 qui,
1240 760 1325 824 dum

276 867 327 932 vis
343 866 420 951 fuit,
438 866 523 929 nihil
538 865 603 952 egi,
620 874 655 930 et
670 887 780 950 quem,
797 865 825 929 si
842 865 893 930 vis
910 886 976 927 non
1001 863 1133 941 fuisset,
1151 865 1246 951 nulla
1271 887 1326 929 res

203 974 260 1036 128
271 963 472 1054 labefactare
496 970 670 1054 potuisset.
718 968 820 1033 Hune
846 990 908 1055 ego
932 967 1078 1032 reditum
1099 968 1324 1053 repudiarem,

276 1075 334 1158 qui
351 1076 397 1138 ita
413 1073 533 1138 florens
550 1072 627 1150 fuit,
645 1081 685 1136 ut
700 1094 823 1149 verear,
840 1095 881 1136 ne
898 1073 975 1157 quis
991 1094 1043 1137 me
1060 1072 1174 1137 studio
1194 1073 1326 1158 gloriae
1431 1143 1432 1164 3

237 1185 371 1261 eputet
400 1177 523 1241 idcireo
555 1177 674 1253 exisse,
707 1184 746 1241 ut
776 1177 823 1240 ita
853 1175 1020 1252 redirem?
1083 1175 1192 1255 Quem
1231 1177 1325 1240 enirn

275 1303 435 1366 umquam
452 1290 589 1346 senatus
605 1283 711 1346 civem
728 1281 792 1344 nisi
809 1303 861 1345 me
879 1279 1211 1345 nationibus-exteris
1236 1303 1327 1344 com-

178 1377 180 1398 *
275 1386 455 1462 mendavit,
473 1387 569 1450 cuius
596 1407 755 1470 umquam
783 1392 918 1470 propter
945 1384 1088 1448 salutem
1117 1385 1181 1448 nisi
1213 1406 1324 1448 meam

274 1497 410 1554 senatus
426 1489 560 1574 publice
577 1489 674 1554 sociis
691 1489 808 1574 populi
825 1488 964 1552 Romani
986 1490 1109 1575 gratias
1127 1489 1221 1575 egit?
1270 1489 1324 1554 De

275 1617 326 1658 me
341 1616 407 1658 uno
423 1601 534 1678 patres
550 1593 729 1678 conscripti
746 1592 979 1668 decreverunt,
994 1600 1043 1669 ut,
1055 1594 1114 1677 qui
1130 1594 1324 1678 provincias

221 1714 251 1759 ro
272 1720 348 1762 cum
365 1699 503 1782 imperio
515 1699 715 1783 opfinerent,
726 1697 785 1781 qui
798 1705 991 1781 quaestores
1006 1697 1179 1783 legatique
1196 1706 1324 1774 essent,

273 1802 416 1866 salutem
433 1809 468 1866 et
482 1802 587 1866 vitam
610 1799 829 1866 custodirent.
875 1801 916 1863 In
941 1822 1008 1864 una
1031 1794 1105 1866 mea
1128 1823 1227 1866 causa
1243 1811 1326 1887 post

273 1908 410 1972 Romam
429 1905 598 1970 conditam
613 1905 741 1969 laetum
757 1913 818 1981 est,
832 1913 873 1970 ut
888 1905 1011 1970 litteris
1028 1905 1261 1970 consularibus
1279 1929 1324 1971 ex

211 2049 220 2066 .
273 2017 408 2075 senatus
424 2010 579 2074 consulto
595 2016 717 2074 cuneta
733 2031 774 2074 ex
792 2008 892 2082 Italia
908 2031 1031 2087 omnes,
1049 2010 1107 2094 qui
1124 2031 1194 2074 rem
1213 2009 1328 2094 publi·
1431 2039 1432 2080 3

273 2136 346 2179 cam
374 2114 500 2179 salvam
528 2114 665 2190 vellent,
683 2121 957 2178 convocarentur.
1005 2113 1107 2193 Quod
1133 2135 1326 2198 numquam
1431 2095 1432 2118 ¹

220 2234 248 2278 15
270 2226 405 2283 senatus
423 2219 457 2280 in
477 2219 653 2283 universae
677 2219 724 2282 rei
748 2216 901 2302 publicae
929 2217 1078 2302 periculo
1106 2216 1268 2294 decrevit,
1287 2218 1326 2282 id
1431 2243 1432 2256 ¹

272 2325 306 2385 in
324 2324 424 2387 unius
441 2344 513 2386 mea
530 2323 637 2386 salute
655 2321 883 2386 conservanda
902 2320 1152 2386 decernendum
1173 2323 1325 2406 putavit.

275 2427 384 2507 Quem
400 2429 492 2491 curia
508 2428 613 2514 magis
637 2427 824 2511 requisivit,
842 2447 943 2510 quem
967 2425 1077 2490 forum
1100 2425 1200 2502 luxit,
1217 2448 1324 2511 quem

271 2554 376 2616 aeque
393 2533 465 2616 ipsa
481 2531 661 2596 tribunalia
677 2530 976 2595 desideraverunt?
1025 2530 1148 2594 Omnia
1166 2529 1326 2596 discessu
1431 2579 1432 2587 ,

272 2735 288 2760 “
298 2736 416 2799 Regulus
433 2741 462 2785 to
474 2736 519 2785 the
531 2736 637 2785 Roman
650 2734 777 2794 senate,”
803 2747 838 2782 an
850 2732 966 2782 allusion
978 2738 1007 2782 to
1019 2733 1065 2783 the
1077 2732 1197 2797 struggle
1207 2735 1238 2784 oi
1251 2734 1323 2786 Jan.

270 2813 292 2861 is
303 2814 402 2862 known
415 2817 445 2861 to
457 2826 536 2874 every
547 2811 699 2873 schoolboy.
728 2811 781 2860 Ac·
802 2810 874 2871 aoth,
887 2809 928 2871 57,
941 2807 968 2866 §i
981 2808 1021 2871 75,
1035 2810 1074 2862 76.

169 2881 175 2891 '
269 2889 380 2951 cording
397 2895 425 2938 to
442 2889 488 2936 the
506 2902 631 2938 common
650 2893 732 2950 story,
746 2889 780 2936 he

271 2979 323 3014 was
340 2971 400 3015 sent
418 2965 499 3013 home
516 2979 553 3013 on
572 2963 663 3027 parole
680 2964 715 3026 by
733 2965 780 3012 the
834 2961 914 3022 §128.
934 2960 1016 3010 3-17.
1040 2962 1253 3023 repudiarem:
1276 2964 1325 3014 ior

270 3041 478 3102 Carthaginians
496 3045 524 3088 to
536 3041 671 3102 negotiete
683 3053 719 3088 an
736 3054 780 3088 ex·
803 3038 882 3087 mood
902 3038 937 3087 ci.
959 3040 973 3099 ς
993 3039 1032 3088 89.
1047 3039 1085 3088 23.
1122 3039 1176 3100 qui
1192 3073 1199 3088 .
1216 3074 1222 3087 .
1239 3075 1245 3088 .
1265 3053 1326 3102 op-

269 3119 372 3180 change
391 3118 421 3166 oi
441 3118 576 3179 prisoners
595 3118 624 3166 oi
643 3131 709 3179 war;
731 3117 781 3166 but
801 3113 944 3171 tinerent.
957 3115 1004 3162 the
1016 3115 1174 3176 proconsule
1188 3115 1243 3164 aud
1256 3131 1325 3179 pro-

270 3194 363 3242 Cicero
378 3199 528 3256 represents
547 3194 604 3242 him
618 3208 648 3242 as
665 3199 725 3242 sent
745 3193 780 3256 by
801 3199 930 3257 praetore,
950 3195 1013 3244 who
1030 3195 1085 3244 had
1103 3197 1248 3256 imperium
1262 3197 1324 3259 (see

269 3272 315 3319 the
341 3270 469 3330 Romans,
498 3271 558 3319 who
585 3285 654 3320 were
680 3271 709 3318 in
732 3270 780 3320 the
801 3285 826 3333 p.
840 3271 880 3331 62,
895 3271 908 3331 ς
926 3270 964 3318 45.
986 3270 1024 3320 ΙΙ.
1044 3269 1080 3333 a),
1100 3285 1129 3322 as
1149 3275 1271 3334 opposed
1289 3279 1324 3324 to

269 3347 355 3396 hands
379 3347 408 3395 of
427 3348 474 3395 the
495 3346 714 3408 Carthaginiens‚
737 3347 780 3396 for
801 3347 847 3396 the
867 3352 1007 3409 quaestors
1029 3349 1089 3406 (see,
1102 3362 1128 3410 p.
1142 3349 1211 3410 75,§
1230 3348 1264 3400 75
1283 3351 1323 3400 ad

268 3422 315 3470 the
330 3436 405 3471 same
423 3436 547 3484 purpose,
568 3437 599 3471 or
616 3421 734 3484 possibly
750 3429 779 3472 to
801 3421 859 3485 fin.)
875 3423 928 3472 and
948 3422 1033 3484 legati
1051 3424 1106 3483 (see
1125 3427 1187 3486 on§
1204 3425 1245 3474 33.
1261 3425 1321 3489 23),

268 3505 313 3560 get
322 3512 418 3559 money
430 3498 473 3546 ior
480 3499 675 3548 theirransom.
711 3498 778 3560 ipse
801 3499 1009 3548 wholradnone.
1046 3511 1154 3548 omnes
1171 3536 1177 3548 .
1194 3536 1201 3548 .
1218 3536 1224 3548 .
1241 3513 1323 3550 oon-

268 3587 325 3622 sua
352 3573 529 3622 voluntate:
562 3574 597 3624 cf.
626 3576 639 3635 6
669 3576 723 3624 100.
753 3575 776 3623 3.
800 3579 1058 3626 vocarenturzsee
1070 3590 1096 3638 p.
1109 3577 1150 3637 45,
1164 3576 1259 3634 §83ad
1268 3579 1319 3628 fin.

268 3649 393 3699 etmihi
413 3663 517 3712 negas,
533 3650 602 3700 ‘and
622 3651 657 3699 do
667 3665 720 3713 you
732 3666 778 3712 say
800 3649 891 3698 unius
910 3652 992 3698 mee:
1009 3651 1052 3700 ior
1070 3651 1188 3714 genitive
1208 3652 1244 3700 cf.
1262 3653 1319 3704 IV.

268 3726 328 3774 that
341 3726 353 3774 Ι
366 3727 452 3788 ought
462 3730 512 3776 not
523 3731 552 3775 to
563 3727 633 3776 have
647 3726 778 3776 desireda
800 3725 844 3774 2³.
875 3727 914 3788 16,
944 3727 998 3776 and
1031 3741 1075 3776 see
1108 3742 1144 3777 on
1167 3727 1190 3778 1.
1218 3727 1244 3776 9.
1274 3730 1321 3778 12..

269 3805 363 3854 return
371 3801 405 3865 by
414 3814 508 3851 means
515 3801 553 3862 of,
564 3801 625 3851 ete'
644 3799 778 3850 familias
800 3814 915 3864 quem.
933 3802 1076 3854 ..luxitz
1095 3817 1132 3854 sc.
1155 3818 1191 3854 an
1212 3805 1323 3858 adverb
