2876 4378
191 291 256 366 tra
447 308 527 364 ruo.
551 310 582 362 r.
607 309 727 364 10010
751 270 895 364 00000
919 311 1066 366 onnno.

244 506 457 570 quacumque
488 507 550 570 ope
582 493 730 570 possent,
758 507 778 550 a
805 509 951 571 corpore,
979 509 998 551 a
1025 487 1144 571 capite,
1171 507 1191 550 a
1221 487 1298 552 vita

245 611 307 654 sua
329 590 574 675 propulsarent,
591 611 659 654 non
686 592 827 675 potestis
855 591 917 654 hoc
945 591 1077 655 facinus
1104 590 1297 675 improbum

243 693 402 770 iudicare,
420 679 503 778 quin
520 695 620 758 simul
642 695 798 760 iudicetis
823 695 988 771 omnibus,
1006 696 1065 780 qui
1088 696 1122 758 in
1146 696 1297 759 latrones

191 811 219 856 14
242 797 433 873 inciderint,
450 805 510 861 aut
531 798 666 862 illorum
690 799 766 863 telis
790 805 851 862 aut
873 799 994 864 vestris
1018 799 1196 864 sententiis
1219 820 1297 863 csse

191 901 228 962 31
243 901 464 986 pereundum.
524 901 625 981 Quod
656 903 684 967 si
715 903 762 966 ita
793 909 956 986 putasset,
989 911 1079 968 certe
1110 902 1296 987 optabilius

241 1005 362 1071 Miloni
386 1005 455 1070 fuit
477 1005 555 1070 dare
578 1007 733 1092 iugulunr
751 1005 789 1070 P.
807 1006 927 1070 Clodio
951 1029 1019 1070 non
1042 1007 1144 1072 semel
1168 1007 1208 1071 ab
1232 1006 1296 1070 illo
1345 1013 1347 1019 '

243 1131 352 1195 neque
383 1118 456 1174 tum
490 1111 635 1194 primum
670 1111 814 1194 petitum
843 1131 944 1195 quam
971 1111 1118 1198 iugulari
1143 1132 1162 1174 a
1187 1110 1295 1188 vobis,

243 1215 323 1299 quia
352 1236 387 1278 se
418 1235 486 1277 non
524 1205 748 1300 iugulandum
787 1214 837 1277 illi
874 1213 1079 1279 tradidisset.
1140 1213 1199 1278 Sin
1228 1213 1296 1278 hoc

243 1340 341 1384 nemo
369 1325 520 1384 vestrum
546 1319 594 1382 ita
621 1319 734 1393 sentit,
757 1339 826 1381 non
854 1317 941 1381 illud
970 1318 1036 1382 iam
1067 1319 1102 1381 in
1129 1317 1295 1382 iudicium

190 1437 220 1483 ao
241 1423 345 1498 venit,
363 1422 535 1486 occisusne
552 1422 606 1497 sit,
625 1421 715 1505 quod
739 1420 895 1498 fatenrur,
913 1421 973 1486 sed
997 1423 1067 1487 iure
1091 1444 1133 1486 an
1157 1422 1294 1498 iniuria,

244 1525 336 1612 quod
359 1525 475 1588 multis
499 1526 534 1588 in
556 1527 664 1589 causis
693 1547 790 1609 saepe
819 1527 1011 1609 quaesitum
1039 1534 1101 1591 est.
1147 1525 1295 1592 Insidias

242 1630 349 1695 factas
379 1651 451 1694 esse
483 1636 629 1714 constat.
656 1637 691 1694 et
724 1628 760 1692 id
789 1636 850 1703 est,
879 1630 971 1714 quod
1008 1637 1145 1695 senatus
1175 1637 1296 1694 contra

239 1756 310 1799 rem
341 1733 509 1818 publicam
541 1733 668 1797 facturn
702 1732 885 1809 iudicavit3
911 1732 953 1798 ab
978 1743 1054 1799 utro
1079 1733 1187 1798 iactae
1210 1735 1294 1811 sint,

242 1840 409 1904 incertum
427 1845 486 1902 est.
534 1837 585 1901 De
599 1837 660 1901 hoo
678 1838 782 1923 igitur
805 1838 912 1901 latum
936 1845 989 1903 est
1008 1846 1046 1902 ut
1062 1845 1294 1923 quaereretur.

190 1958 219 2004 25
241 1942 294 2006 Ita
310 1950 344 2007 et
359 1949 496 2006 senatus
514 1963 593 2016 rem,
610 1962 676 2004 non
701 1941 870 2006 hominem
893 1943 1035 2016 notavit,
1053 1948 1088 2005 et
1109 1941 1294 2025 Pompeius

243 2045 284 2110 de
302 2046 393 2120 iure,
418 2067 485 2109 non
513 2045 554 2108 de
586 2044 674 2109 facto
706 2047 937 2130 quaestionem
967 2045 1056 2109 tulit.
1102 2062 1168 2109 XII.
1199 2045 1295 2110 Num

240 2149 324 2235 qnid
339 2151 443 2236 igitur
458 2148 552 2213 aliud
575 2150 609 2212 in
634 2149 796 2213 iudicium
814 2151 916 2226 venit,
934 2150 998 2214 nisi
1021 2156 1099 2214 uter·
1122 2150 1190 2214 utri
1213 2150 1296 2214 insi-

243 2255 315 2320 dias
327 2253 470 2319 feoerit?
509 2252 665 2317 Profecto
683 2253 786 2328 nihil;
803 2255 833 2317 si
849 2253 902 2317 hic
915 2253 975 2329 illi,
987 2260 1079 2317 utne
1096 2253 1142 2317 sit
1152 2254 1294 2337 inpune,

203 2377 219 2420 4
240 2360 269 2423 si
285 2359 343 2422 ille
358 2358 448 2432 huic,
466 2364 505 2421 ut
521 2358 645 2422 scelere
670 2358 849 2421 solvamur.

274 2540 288 2601 ἓ
306 2539 344 2589 31.
366 2537 467 2586 15-20.
491 2536 662 2599 optabilius
684 2535 751 2594 fuit,
775 2552 847 2599 ponne
860 2539 889 2587 in
900 2539 1036 2601 predicate
1049 2539 1083 2588 cf.
1102 2539 1151 2600 Ep.
1172 2537 1224 2589 111.
1243 2537 1293 2586 13.

243 2615 348 2665 ‘would
358 2615 511 2674 lravebeen‚
522 2612 601 2662 etc.:’
621 2613 752 2662 formood
780 2616 831 2665 186.

241 2692 276 2742 cf.
290 2693 358 2742 Sest.
370 2691 416 2740 12.
431 2691 472 2752 153
490 2689 653 2751 Su11.so.5;
670 2689 752 2739 1.12.
810 2692 1028 2742 Courrsufflo.
1054 2693 1113 2742 'l'he
1134 2699 1295 2753 arguments

240 2769 281 2817 26.
295 2767 398 2824 semel,
413 2766 494 2816 ‘once
503 2765 594 2828 only:’
609 2766 653 2816 lor
660 2766 753 2828 ellipse
777 2782 823 2818 are
839 2769 930 2818 drawn
950 2769 971 2818 1.
987 2769 1027 2818 De
1042 2769 1135 2818 Cauca
1153 2768 1181 2830 §5
1199 2767 1292 2828 32-71,

241 2843 271 2893 of
300 2841 394 2904 ‘only’
419 2841 453 2891 cf.
478 2841 528 2903 Ep.
555 2841 608 2890 III.
639 2840 665 2890 8.
694 2843 753 2902 1203
778 2845 815 2893 ΙΙ.
835 2846 923 2894 Extra
942 2845 1061 2893 Causam
1079 2845 1108 2905 ἐξ
1131 2843 1217 2894 ’12-91.
1256 2843 1294 2893 In

241 2919 312 2969 Mur.
322 2918 367 2968 70.
374 2919 398 2967 4.
427 2917 563 2979 iugulari.
574 2916 580 2941 ‘
590 2917 751 2974 murdercd,’
778 2921 798 2968 Ι.
815 2919 908 2969 Cicero
920 2919 1083 2968 undertakes
1096 2923 1125 2968 to
1136 2918 1212 2969 show
1228 2919 1294 2969 that

241 2995 296 3058 i.c.,
310 2995 353 3044 his
366 2995 519 3044 conviction
535 2994 623 3044 under
640 2996 687 3043 the
704 2995 754 3043 eir·
778 2994 844 3043 Milo
852 2994 928 3043 acted
943 2995 970 3042 in
980 2993 1163 3053 00Ιίοε10000,
1175 2993 1294 3057 arguing

241 3078 411 3122 curnstances
430 3070 519 3120 would
539 3071 572 3119 be
595 3069 626 3118 ‘a
642 3069 752 3132 judieial
779 3072 817 3130 (a)
842 3070 912 3129 from
935 3072 981 3120 the
1001 3070 1216 3126 circumstances
1241 3070 1295 3119 Be-

241 3146 367 3198 murder!
404 3147 440 3197 Of
457 3161 550 3196 course
563 3161 598 3195 no
610 3146 752 3216 court'had
778 3147 835 3195 fore
857 3147 904 3195 the
928 3146 981 3196 Act
998 3145 1024 3204 §§
1043 3147 1131 3200 32-52.
1157 3144 1195 3207 (b)
1217 3146 1293 3196 from

241 3225 288 3274 tha
300 3237 390 3286 power
401 3229 429 3272 to
441 3223 542 3285 punish
553 3223 588 3284 by
597 3223 688 3282 death,
699 3222 753 3270 and
778 3223 824 3271 the
852 3222 1068 3272 Circumstanecs
1097 3222 1134 3272 Of
1161 3223 1208 3272 the
1236 3223 1295 3272 Aet

241 3302 288 3350 the
311 3300 398 3350 words
425 3314 470 3349 are
493 3298 686 3360 intentionally
707 3303 753 3347 too
777 3295 904 3359 1153-60,
917 3297 1020 3361 andlc)
1035 3299 1104 3348 from
1116 3299 1162 3348 the
1172 3299 1294 3348 conduct

240 3381 341 3439 strong.
371 3375 437 3425 iura
447 3387 486 3424 an
497 3374 615 3432 iniuria,
626 3373 632 3398 ‘
639 3374 754 3436 justifia—
777 3375 806 3423 of
820 3374 886 3424 Milo
897 3375 979 3424 After
989 3376 1036 3424 the
1048 3375 1102 3424 Act
1113 3372 1139 3432 §i
1151 3374 1239 3426 61—71.

240 3452 403 3515 blyornot)
428 3451 544 3514 Explain
554 3451 601 3500 the
610 3449 750 3500 ablativos.
810 3452 833 3501 I.
859 3450 908 3513 (a).
940 3451 1157 3500 Circumstances
1192 3450 1294 3501 Before

778 3528 825 3577 the
848 3528 914 3577 Act:
943 3529 964 3576 1.
1002 3527 1191 3577 Probabilities
1216 3527 1293 3577 from

273 3605 298 3654 3.
326 3609 362 3655 ut
392 3618 431 3654 ne
461 3605 503 3652 ait
516 3595 649 3665 ‘inpune
678 3602 754 3652 ‘that
777 3605 824 3653 the
847 3604 914 3654 Case
935 3602 1094 3663 (Probabile
1122 3617 1153 3653 cc
1174 3602 1292 3666 Conso),

241 3682 308 3734 Milo
336 3696 399 3744 may
420 3685 468 3732 not
496 3694 529 3743 go
558 3679 751 3742 unpunlshed.’
777 3680 904 3741 §sss-35.
940 3679 1051 3729 Olodlus
1061 3680 1148 3729 would
1163 3678 1244 3741 profit
1256 3681 1294 3741 by

242 3759 301 3808 The
312 3760 349 3808 ait
361 3760 383 3807 is
395 3758 463 3820 subj.
479 3757 508 3806 oi
520 3756 612 3817 result,
627 3755 653 3804 A
665 3755 713 3805 319
725 3769 751 3815 α,
778 3755 869 3805 Milo's
878 3756 959 3805 death
971 3755 1010 3813 (ἃς
1021 3755 1122 3817 32-33),
1134 3755 1201 3804 Milo
1209 3756 1294 3806 could

241 3840 318 3900 note3
341 3833 374 3885 G.
392 3834 452 3898 6573
475 3834 505 3884 P.
524 3833 572 3884 483
589 3833 623 3884 b:
646 3832 690 3884 for
705 3833 754 3882 im·
777 3832 840 3898 galn
868 3831 985 3894 nothing
1012 3831 1047 3896 by
1073 3831 1121 3881 tha
1150 3830 1234 3882 daath
1261 3833 1299 3884 ot*

1225 4043 1241 4072 δ
