2870 4376
445 321 525 375 cnr.
551 325 637 387 1a1r,
662 325 676 387 s
699 324 787 376 37-39.
1130 311 1195 377 463

95 497 177 560 mihi
192 502 263 560 erat
278 517 330 560 res
345 515 422 559 cum
447 493 639 570 Saturnino,
657 496 716 580 qui
742 493 834 579 quod
860 516 879 558 a
904 516 939 559 se
966 503 1141 580 quaestore

96 599 245 665 Ostiensi
276 621 335 684 per
364 599 582 685 ignominiam
612 597 655 662 ad
677 598 862 683 principem
890 607 926 662 et
947 605 1086 662 senatus
1109 608 1144 664 et

95 695 252 779 civitatis,
271 703 317 766 M.
335 701 508 778 Scaurum,
524 723 594 766 rem
610 700 863 766 frumentariam
887 701 1041 766 tralatam
1065 702 1145 767 scie·
1169 718 1196 763 10

96 806 161 882 bat,
178 805 324 871 dolorem
348 826 448 870 sumn
463 827 585 891 magna
600 806 815 870 contentione
841 805 943 869 animi
968 827 1144 890 perseque-

95 910 202 986 batur,
213 909 273 974 sed
282 932 358 974 cum
370 930 559 974 scurrarum
570 909 790 993 locupletium
802 918 923 982 scort0,
936 930 1013 972 cum
1022 910 1144 974 sororis

95 1014 258 1090 adultero,
275 1034 351 1078 curn
371 1021 564 1097 stuprorum
589 1011 771 1088 sacerdote,
789 1033 865 1076 cum
890 1012 1049 1088 venefico,
1066 1032 1143 1076 oum

96 1119 355 1192 testamentario
366 1139 444 1182 cum
454 1116 583 1192 sicari0,
595 1137 672 1180 cum
684 1115 812 1180 latrone
823 1139 830 1191 3
844 1138 929 1201 quos
940 1115 1090 1181 homines
1102 1117 1142 1192 si,

95 1221 131 1285 id
146 1221 236 1306 quod
247 1220 351 1310 'facile
368 1220 461 1285 iactu
478 1219 554 1295 fuit,
571 1227 606 1284 et
621 1219 714 1304 quod
740 1219 810 1284 fieri
839 1218 966 1294 debuit,
984 1219 1143 1304 quodque
1168 1235 1196 1280 15

96 1348 115 1389 a
130 1348 182 1390 me
199 1326 317 1410 optimi
332 1332 367 1390 et
383 1323 556 1389 fortissimi
580 1325 671 1388 cives
695 1321 903 1409 flagitabant,
922 1324 954 1387 vi
972 1324 1141 1407 armisque

94 1450 396 1514 supe1·assem,nou
418 1427 564 1502 verebar,
582 1449 623 1492 ne
650 1429 726 1512 quis
756 1435 817 1491 aut
833 1429 899 1490 vim
919 1428 951 1490 vi
968 1427 1142 1511 depulsam

95 1533 353 1619 reprehenderet
368 1541 428 1596 aut
443 1531 650 1617 perditorum
666 1533 792 1595 civium
809 1532 863 1596 vel
887 1533 1000 1617 potius
1017 1530 1145 1596 domes·

96 1637 236 1701 tinorum
254 1636 399 1700 hostium
417 1644 559 1700 mortem
575 1644 747 1700 maereret.
794 1634 861 1700 Sed
877 1657 929 1700 me
954 1636 1013 1699 illa
1036 1656 1145 1700 move-

96 1747 193 1804 runt:
227 1739 393 1804 Omnibus
417 1741 450 1802 in
476 1739 689 1804 contionibus
715 1741 773 1804 illa
797 1739 886 1803 furia
912 1739 1077 1804 clamabat
1098 1760 1145 1816 se,
1168 1753 1198 1800 ao
1257 1785 1259 1790 .

96 1865 182 1930 quae
205 1842 330 1908 iaceret
352 1842 634 1936 contrasalntem
657 1865 774 1921 meam,
790 1842 899 1908 facere
923 1850 1058 1908 auctore
1080 1842 1143 1908 Gn.

96 1948 266 2032 Pompeia,
292 1949 474 2012 clarissimo
500 1949 573 2012 viro
599 1947 748 2034 mihique
779 1957 815 2013 et
840 1969 931 2013 nuno
962 1955 1006 2024 et,
1032 1946 1144 2033 quoad

95 2053 202 2128 licuit,
228 2052 450 2116 amicissumo.
497 2051 545 2115 M.
572 2051 721 2127 Cressae,
748 2073 896 2136 quocum
921 2051 1002 2116 mihi
1028 2073 1143 2116 omnes

96 2164 192 2221 erant
206 2156 369 2220 amicitiae
386 2155 662 2232 necessitudines,
678 2158 730 2221 vir
741 2155 954 2232 fortissimus,
969 2156 1011 2220 ab
1028 2155 1142 2221 eadem

95 2260 154 2324 illa
169 2267 263 2344 peste
279 2259 517 2324 infestissimus
529 2281 601 2324 esse
617 2261 699 2324 meis
712 2259 857 2324 fortunis
872 2259 1144 2345 praedicabatur3
1168 2279 1197 2324 ‘rs

97 2363 135 2429 C.
153 2363 284 2440 Caesar,
300 2364 360 2449 qui
375 2385 395 2427 a
410 2386 462 2428 me
480 2364 575 2428 nullo
593 2385 666 2428 meo
680 2366 797 2432 merito
813 2365 943 2429 alienus
960 2387 1031 2430 esse
1047 2364 1145 2429 debe·

128 2553 193 2615 §39.
211 2551 294 2602 8-13.
312 2553 366 2613 qni
386 2552 485 2614 quod:
509 2566 553 2602 see
572 2566 608 2603 on
633 2556 742 2602 scorto
770 2559 831 2614 etc,
857 2554 975 2603 Clodius.
1021 2554 1146 2610 sororis,

95 2629 229 2681 11.1r.2.
264 2628 608 2690 conquaestore‘irom
633 2630 680 2679 the
691 2631 753 2680 wife
765 2632 794 2680 oi
807 2631 836 2680 L.
848 2630 988 2680 Lucullus.
1023 2633 1146 2691 stupro-

94 2707 155 2756 lrim
171 2706 251 2754 when
268 2704 304 2767 q.’
341 2704 493 2754 Ostiensi:
511 2719 556 2754 see
572 2719 607 2754 ou
632 2719 700 2756 rum
712 2707 885 2764 sacerdote.
895 2722 930 2756 an
938 2706 1054 2756 allusion
1064 2714 1092 2755 to
1099 2707 1146 2756 the

95 2783 166 2833 Mur.
186 2781 232 2830 18.
251 2782 291 2830 30.
325 2793 381 2842 per
400 2781 607 2842 ignominiam,
634 2782 710 2832 Bona
722 2784 780 2832 Dea
791 2784 910 2832 scandat.

12 2921 13 2930 ἵ
97 2857 329 2907 ‘asadeliberate
341 2856 454 2907 insult:'
475 2859 551 2906 these
563 2872 608 2906 are
665 2858 766 2908 16-26.
785 2859 903 2920 optimi,
916 2865 967 2908 etc.
1002 2859 1051 2908 See
1063 2874 1088 2922 p.
1104 2859 1145 2919 si,

12 2993 13 3000 ἵ
95 2936 143 2985 tire
155 2934 292 2996 emphatic
304 2934 399 2983 words.
435 2933 608 2995 principem
632 2935 697 2997 §ia
733 2946 938 2997 superassem.
954 2935 1065 2984 ‘should
1084 2949 1148 2984 con·

12 3011 14 3024 '
95 3014 130 3061 et
159 3013 287 3059 senatus
317 3013 350 3058 et
378 3010 533 3058 civitatis:
561 3011 608 3060 the
632 3012 714 3075 quer,'
744 3017 794 3061 not
823 3011 893 3060 ‘had
929 3011 1100 3074 conquereri,’
1130 3025 1147 3060 a

12 3141 14 3150 ,
94 3087 230 3137 formeris
246 3099 263 3134 a
275 3086 431 3147 recognized
443 3086 496 3135 and
509 3085 607 3136 official
633 3090 724 3138 future
736 3087 875 3137 condition
888 3089 915 3136 in
928 3088 960 3137 Ο.
975 3088 1018 3146 0.,
1029 3087 1147 3150 depend-

12 3155 14 3184 ‘
94 3164 168 3214 title:
186 3177 230 3212 see
242 3176 268 3224 p.
282 3161 423 3224 75,§105;
440 3163 487 3212 the
501 3162 609 3212 lettera
633 3171 680 3215 ent
715 3179 789 3228 upon
820 3165 939 3214 uerebar.
1002 3164 1069 3212 illa:
1103 3165 1146 3212 ior

94 3239 197 3300 merely
219 3238 443 3300 complimentary
465 3245 546 3288 term:
571 3240 606 3288 ci.
633 3242 761 3304 meaning
776 3241 811 3290 ci.
826 3240 952 3291 8111185.
973 3241 1016 3299 31;
1034 3239 1080 3289 59.
1100 3241 1145 3300 443

15 3312 18 3322 '
93 3315 162 3368 Sull.
172 3315 245 3364 3.31.
278 3314 443 3363 dolorem.
461 3326 608 3377 ..perrre-
633 3317 818 3368 111.13.48.
854 3320 887 3365 et
910 3316 1015 3377 quoad
1040 3315 1144 3364 licuit:

12 3397 17 3422 ¹
94 3390 257 3454 quebatur,
268 3390 318 3440 ‘he
325 3392 445 3454 avenged
453 3393 500 3440 the
507 3392 609 3440 affront
632 3407 668 3443 sc.
689 3397 781 3454 anteo,
797 3393 868 3442 ‘and
888 3392 1026 3454 formerly,
1040 3406 1070 3441 as
1082 3391 1147 3454 long

94 3469 279 3529 withagreat
294 3468 462 3517 outburstoi
477 3467 605 3530 passion!
633 3485 662 3520 as
692 3485 744 3519 was
772 3469 884 3519 allowed
913 3469 989 3528 him‚’
1020 3469 1075 3527 l.e.,
1111 3469 1146 3530 by

17 3558 21 3571 ’
95 3544 141 3594 He
153 3549 226 3592 went
242 3557 306 3592 over
317 3543 387 3592 imm
404 3545 452 3592 the
468 3557 609 3593 conserva·
634 3547 732 3596 Caesar
743 3547 797 3595 and
810 3546 930 3595 Crassus.
966 3556 1075 3593 omnen
1092 3579 1098 3590 .
1115 3579 1121 3590 .
1138 3578 1145 3591 .

12 3618 22 3657 i
95 3622 166 3670 tives
191 3626 220 3668 to
242 3621 289 3669 the
312 3620 476 3670 democrats:
503 3633 547 3669 see
573 3634 607 3669 on
632 3621 890 3677 necessitudines,
921 3619 976 3668 ‘all
1012 3626 1082 3668 soris
1116 3619 1147 3667 oi

16 3689 24 3745 i
96 3697 159 3760 537.
175 3698 210 3745 11.
238 3703 421 3753 scurrarum.
430 3697 552 3745 ‘raham’
566 3697 609 3745 for
633 3697 749 3759 friendly
757 3696 904 3746 relations.'
930 3695 1147 3744 1111110...ωο-

12 3789 18 3818 1
96 3775 145 3824 the
163 3773 303 3836 following
319 3779 401 3822 terme
418 3774 447 3822 oi
463 3774 554 3833 abuse,
573 3773 607 3822 all
633 3771 1146 3829 rito,⁴i0rnofaultoirnine.’eilenue,

22 3843 25 3877 ³
96 3863 172 3904 more
188 3849 282 3902 orless
299 3849 435 3911 deserved,
448 3849 483 3901 cf.
500 3849 536 3902 11.
557 3849 606 3913 §i
634 3848 811 3916 ‘arranged'
825 3864 842 3901 a
858 3863 922 3915 very
940 3847 1099 3902 mildword.
