2876 4378
467 315 547 368 cnr.
572 316 661 378 24-26,
684 313 697 372 t
721 317 808 368 cece
1139 305 1203 372 595

103 487 228 556 Miloni
250 488 350 554 datus
372 496 471 565 esset,
495 487 669 574 probasset
691 488 842 574 prolecto
873 489 1022 576 tibiipsi
1048 485 1151 558 nemi-

103 615 183 658 nem
205 615 365 678 umquam
388 592 558 656 hominem
580 591 707 655 homini
738 594 899 658 cariorem
922 593 1025 661 fuisse
1050 618 1150 681 quam
1174 615 1204 658 m

103 705 138 762 te
169 696 253 772 sibi;
277 696 411 760 nullum
426 717 461 761 se
481 716 642 780 umquam
664 697 850 780 periculum
874 719 933 783 pro
957 705 1016 762 tua
1039 698 1148 786 digni-

103 807 173 865 tate
197 799 345 887 fugisse3
377 821 454 864 cum
484 798 542 862 illa
569 800 641 884 ipsa
672 801 861 865 taeterrima
892 810 986 885 peste
1017 825 1053 868 se
1081 825 1148 868 sae·

102 905 238 989 pissime
261 926 321 989 pro
344 910 404 968 tua
425 903 532 990 gloria
563 903 793 980 contendisse3
819 904 1028 970 tribunatum
1050 929 1149 971 suum

102 1007 147 1071 ad
176 1009 318 1073 salutem
349 1029 466 1084 meam,
499 1027 585 1092 quae
616 1006 679 1071 tibi
715 1009 884 1073 carissima
914 1008 1045 1088 fuisset,
1076 1033 1152 1076 con-

101 1113 186 1176 siliis
218 1113 286 1178 tuis
316 1111 560 1198 gubernatum
591 1133 626 1176 se
657 1133 677 1176 a
704 1118 737 1176 te
762 1119 878 1197 postea
909 1112 1084 1179 defensum
1116 1117 1150 1180 in
1173 1132 1200 1180 ea

102 1217 253 1301 periculo
275 1216 405 1302 capitis,
421 1214 576 1279 adiutum
600 1217 635 1278 in
658 1217 821 1302 petitione
844 1228 1039 1301 praeturae3
1063 1219 1147 1286 duos

101 1341 138 1385 se
162 1319 282 1386 habere
312 1341 442 1404 semper
463 1320 681 1384 amicissimos
711 1341 871 1405 sperasse,
897 1331 929 1386 te
962 1329 1021 1386 tuo
1052 1323 1148 1389 bene·

102 1407 188 1501 ficic,
206 1446 257 1488 me
273 1445 344 1488 suo.
392 1423 487 1504 Quae
503 1425 531 1488 si
547 1445 614 1488 non
630 1424 794 1508 probaret,
808 1426 837 1488 si
855 1425 916 1489 tibi
939 1427 987 1491 ita
1009 1429 1145 1513 penitus

102 1528 303 1592 inhaesisset
324 1529 389 1592 ista
410 1528 566 1613 suspici0,
591 1529 686 1592 nullo
710 1535 751 1592 ut
772 1530 873 1594 evelli
905 1529 1002 1594 modo
1025 1540 1147 1616 posset,

101 1633 131 1696 si
155 1631 299 1716 denique
331 1632 430 1696 Italia
459 1653 478 1695 a
501 1631 637 1709 dilectu,
662 1632 740 1697 urbs
764 1633 806 1698 ab
827 1635 927 1698 armis
955 1634 1025 1699 sine
1055 1635 1151 1700 Milo·
1172 1650 1199 1696 sc

102 1737 156 1800 nis
179 1735 272 1800 clade
303 1757 487 1820 numquam
517 1745 607 1801 esset
636 1737 866 1822 conquietura,
890 1759 933 1802 ne
964 1739 1028 1804 iste
1058 1738 1149 1803 haud

101 1839 260 1904 dubitans
276 1840 432 1904 cessisset
455 1841 572 1924 patria,
592 1841 619 1905 is
636 1841 695 1926 qui
711 1842 759 1906 ita
775 1849 874 1907 natus
890 1849 994 1907 estet
1009 1843 1057 1907 ita
1072 1863 1147 1907 con-

100 1945 231 2018 suevit3
249 1951 291 2020 te,
306 1943 440 2030 Magne,
453 1951 563 2009 tamen
579 1951 816 2022 antestaretur,
833 1946 924 2030 quod
941 1968 1030 2012 nunc
1046 1948 1147 2012 etiam

100 2047 193 2113 facit.
250 2065 355 2112 xxvi.
386 2047 486 2124 Vide,
517 2070 618 2133 quam
648 2050 694 2114 sit
719 2051 813 2114 varia
842 2045 932 2116 'vitae
970 2056 1200 2118 commuta-69

100 2150 244 2236 bilisque
260 2152 354 2228 ratio,
371 2173 472 2236 quam
488 2167 574 2238 vaga
589 2152 813 2239 volubilisque
836 2154 984 2230 fortuna,
1002 2162 1147 2239 quantae

101 2254 314 2319 infidelitates
338 2256 373 2318 in
396 2255 561 2331 amicitiis,
584 2278 685 2340 quam
706 2257 749 2320 ad
773 2265 904 2343 tempus
929 2266 1025 2344 aptae
1048 2259 1147 2323 simu-

101 2359 253 2434 lationes,
295 2366 442 2442 quantae
484 2359 519 2421 in
560 2360 718 2445 periculis
762 2360 863 2448 fugae
907 2363 1146 2445 proximorum,

101 2470 246 2546 quantae
270 2461 478 2526 timiditates.
525 2461 610 2540 Erit,
630 2463 695 2528 erit
717 2464 804 2528 illud
829 2463 980 2549 profecto
1004 2472 1147 2550 tempus,
1172 2486 1186 2529 5

101 2574 136 2632 et
166 2567 339 2631 illucescet
369 2565 551 2650 aliquando
581 2568 638 2632 ille
662 2568 743 2644 dies,
768 2591 844 2634 cum
868 2577 907 2634 tu
929 2569 1143 2646 salutaribus,

101 2678 140 2734 ut
162 2692 268 2754 spere,
294 2669 393 2734 rebus
424 2670 503 2745 tuis,
535 2670 593 2735 sed
625 2671 766 2738 fortasse
797 2680 891 2738 motu
922 2673 1036 2758 aliquo
1063 2695 1148 2738 com-

102 2776 253 2838 munium
276 2781 466 2860 temporum
483 2775 563 2860 (qui
586 2796 689 2861 quarn
713 2776 828 2842 crebro
852 2777 991 2853 accidat,
1015 2778 1147 2862 experti

131 3003 176 3061 23,
189 3003 234 3052 24.
251 3001 446 3052 tribunatum
462 3039 468 3052 .
485 3039 491 3052 .
510 3040 516 3052 .
533 3003 613 3053 salu-
667 3005 731 3064 §69.
751 3005 811 3054 1-8.
829 3005 914 3054 vitae
932 3005 1020 3062 ratio,
1040 3005 1150 3056 ‘course

100 3085 178 3130 tem:
201 3081 245 3131 for
265 3081 314 3130 the
335 3081 393 3130 fact
414 3081 449 3131 cf.
473 3080 542 3131 Sest.
566 3080 612 3129 8⁷.
635 3081 664 3130 of
684 3080 750 3130 lile’
785 3080 1001 3130 infidelitates:
1024 3083 1085 3131 how
1105 3096 1150 3132 ars

101 3158 186 3208 23-25.
635 3157 721 3219 plural
744 3156 861 3206 abstract
881 3171 969 3206 nouns
987 3158 1045 3207 best
1064 3163 1149 3208 trans-

131 3233 232 3283 27-ss.
254 3236 313 3283 tuo
333 3232 504 3285 beneficio:
527 3248 562 3284 sc.
583 3235 612 3284 in
634 3233 730 3282 lated?
762 3231 965 3294 tuPompeius.
1000 3237 1088 3282 motu
1097 3234 1149 3283 all·
1252 3249 1255 3252 ·
1327 3249 1328 3254 ¹

101 3325 135 3361 se.
181 3324 240 3361 suo
261 3310 428 3374 (beneflcio):
449 3309 484 3360 tc.
510 3312 539 3360 in
561 3324 609 3360 me.
634 3321 703 3370 quo,
716 3309 768 3358 abl.
782 3310 849 3370 abs,
863 3308 1051 3373 aforeboding
1062 3311 1091 3360 of
1103 3311 1149 3364 tho

101 3400 138 3436 ne
151 3387 219 3445 iste,
234 3386 387 3448 ‘assuredly
397 3387 444 3436 he:
457 3386 463 3411 ’
474 3386 556 3436 forne
568 3401 612 3436 see
633 3387 741 3449 coming
760 3385 822 3434 civil
840 3399 895 3435 war
911 3386 1032 3436 between
1051 3387 1147 3438 Caesar

102 3479 135 3514 on
144 3465 181 3514 11.
191 3463 217 3512 6.
226 3465 333 3526 223iste
342 3464 435 3524 lsvery
443 3463 610 3525 rarelyused,
633 3463 686 3512 and
706 3463 859 3524 Pompeius.
895 3463 949 3524 qui
969 3474 1068 3524 quam,
1084 3470 1146 3526 etc,

101 3540 371 3602 ashere,ofaclient.
401 3539 612 3596 itanatuseet,
636 3539 706 3588 ‘and
729 3554 769 3589 we
791 3541 854 3589 who
876 3540 946 3589 heve
968 3539 1022 3588 had
1045 3541 1147 3603 experi-

103 3617 184 3666 ‘born
195 3616 309 3666 forthat
326 3629 389 3678 very
406 3615 541 3678 purpose,’
555 3616 610 3677 i.e.,
633 3629 698 3664 enee
707 3617 792 3678 ought
799 3622 828 3665 to
838 3617 987 3666 knownow
995 3616 1147 3678 frequently

101 3700 128 3743 to
139 3707 202 3744 save
210 3694 259 3744 the
274 3697 391 3756 country
401 3697 430 3741 at
447 3705 501 3754 any
513 3697 571 3741 eost
583 3697 611 3741 lo
633 3692 688 3741 this
707 3692 849 3754 happens!
885 3692 938 3740 For
957 3706 973 3740 a
992 3692 1037 3741 list
1053 3693 1082 3742 of
1101 3694 1147 3742 the

101 3771 216 3821 himself.
251 3769 380 3833 Magne:
401 3782 445 3818 see
464 3780 500 3817 on
518 3768 568 3829 Ep.
587 3769 608 3818 I.
633 3768 696 3817 civil
710 3783 775 3818 wars
788 3769 814 3817 in
828 3768 945 3818 Cicero's
964 3769 1029 3818 time
1049 3783 1093 3818 see
1111 3783 1146 3818 on

101 3847 153 3906 sal,
633 3845 686 3901 111.
700 3844 745 3893 24.
759 3847 797 3912 10,
808 3846 860 3898 and
878 3845 931 3901 add
949 3845 1010 3901 that
1026 3845 1144 3897 bmwem
