2838 4380
242 290 307 357 420
606 308 812 360 nmsrcnnn
834 309 1032 360 sunuc'rnn.

286 498 376 542 meae
392 499 445 543 me
462 477 612 543 miseriae
635 479 741 565 magis
765 477 966 545 excruciant
978 501 1079 565 quam
1103 487 1182 546 tuae
1198 487 1343 548 vestrae·

295 603 372 666 que,
387 602 450 668 ego
477 588 590 646 eutem
622 582 684 648 hoc
715 583 866 648 miserior
897 606 972 648 sum
1002 607 1103 670 quarn
1132 592 1180 662 tu,
1196 606 1285 670 quee
1308 608 1343 650 es

255 700 271 746 t
292 685 484 760 miserrima,
502 685 593 770 quod
608 688 681 770 ipsa
696 686 866 752 calamitas
882 690 1068 753 communis
1090 696 1142 754 est
1166 691 1344 774 utriusque

294 795 456 863 nostrum,
473 789 533 854 sed
555 790 655 875 culpa
680 812 752 856 mea
778 792 911 877 propria
934 799 995 857 est.
1042 793 1159 858 Meum
1183 793 1253 858 fnit
1278 793 1347 858 offi-

255 928 257 936 ν
293 893 381 957 cium
403 892 458 957 vel
484 894 652 978 legatione
675 895 782 960 vitare
809 896 997 980 periculum
1026 896 1081 961 vel
1108 896 1287 983 diligentia
1311 905 1347 964 et

295 997 399 1081 copiis
423 997 575 1062 resistere
601 997 655 1062 vel
685 997 802 1063 cadere
829 998 982 1064 fortiter:
1007 1000 1069 1064 hoo
1094 1002 1260 1078 miserius
1278 1009 1349 1067 tur-

254 1098 383 1185 2pius‚
403 1100 576 1187 indignius
608 1101 703 1166 nobis
734 1102 820 1167 nihil
850 1102 928 1168 fuit.
975 1102 1088 1183 Quare
1120 1127 1195 1170 cum
1228 1104 1347 1172 dolore

241 1219 270 1266 10
292 1204 457 1281 conficior,
470 1212 541 1268 tum
560 1207 660 1270 etiam
676 1206 822 1292 pudore:
847 1207 954 1292 pudet
969 1209 1058 1273 enirn
1071 1230 1123 1274 me
1136 1210 1234 1273 uxori
1251 1231 1347 1276 meae

294 1310 448 1392 optimae,
466 1310 673 1374 suavissimis
690 1309 803 1377 liberis
820 1312 982 1376 virtutem
997 1318 1033 1377 et
1047 1313 1260 1399 diligentiam
1278 1336 1348 1379 non

292 1413 518 1497 praestitisse3
543 1435 619 1477 narn
636 1415 718 1478 mihi
736 1423 814 1480 ante
838 1416 954 1481 oculos
978 1416 1049 1482 dies
1073 1425 1258 1502 noctesque
1275 1441 1350 1484 ver-

292 1524 386 1580 satur
400 1518 537 1602 squalor
553 1526 664 1583 vester
680 1526 715 1582 et
737 1541 866 1584 maeror
889 1528 924 1596 et
945 1521 1121 1586 infirmitas
1137 1521 1349 1589 valetudinis

293 1628 380 1697 tuae,
397 1643 472 1707 spes
488 1629 600 1686 autem
617 1622 737 1687 salutis
762 1625 934 1708 pertenuis
965 1625 1163 1690 ostenditur.
1209 1625 1347 1692 Inimici

240 1739 268 1785 15
290 1733 372 1788 sunt
395 1726 503 1800 multi,
521 1725 628 1790 invidi
655 1747 759 1811 paene
785 1747 916 1792 omnes:
942 1729 1059 1794 eiicere
1091 1750 1151 1794 nos
1182 1750 1348 1815 inagnum

292 1827 369 1904 fuit,
386 1828 565 1894 excludere
581 1829 679 1894 facile
695 1837 748 1895 est
757 1853 766 1906 ;
790 1831 850 1896 sed
866 1839 987 1909 tamen,
1002 1831 1163 1917 quamdiu
1175 1853 1233 1896 vos
1251 1834 1349 1899 eritis

217 1924 219 1929 ’
292 1934 327 1996 in
358 1956 426 2018 spe,
451 1955 518 1998 non
548 1932 709 2011 deficiam,
734 1956 775 2000 ne
807 1937 918 2000 onmia
948 1958 1022 2001 mea
1046 1937 1151 2024 „culpa
1178 1937 1349 2028 “cecidisse

250 2039 270 2102 3
293 2037 483 2113 videantur.
539 2037 588 2103 Ut
611 2046 688 2104 tuto
714 2039 787 2115 sim,
805 2040 896 2124 quod
919 2040 1058 2117 laboras
1080 2040 1116 2104 id
1141 2041 1223 2104 mihi
1252 2063 1349 2109 nunc

292 2139 489 2205 facillimum
507 2149 569 2216 est,
587 2163 686 2227 quem
704 2143 805 2208 etiam
821 2145 948 2208 inimici
964 2144 1085 2208 volunt
1100 2145 1213 2209 vivere
1231 2146 1268 2208 in
1294 2147 1350 2213 his

240 2258 269 2304 20
291 2247 394 2310 tantis
432 2246 595 2322 miseriis3
634 2268 696 2332 ego
732 2253 845 2312 tamen
883 2247 1012 2323 faciam,
1046 2269 1129 2333 quae
1168 2251 1350 2335 praecipis.

293 2349 431 2424 Amicis
449 2348 572 2434 quibus
589 2351 737 2426 voluisti,
755 2353 809 2437 egi
826 2353 950 2436 gratias
966 2360 1001 2416 et
1023 2374 1078 2416 eas
1099 2353 1230 2417 litteras
1256 2353 1354 2420 Dex-

292 2454 371 2538 ippo
388 2452 465 2518 dedi
481 2475 601 2538 meque
617 2453 659 2518 de
675 2475 790 2519 eorum
814 2455 922 2520 officio
946 2457 1063 2540 scripsi
1079 2477 1098 2519 a
1114 2463 1147 2520 te
1165 2458 1353 2524 certiorem

322 2676 348 2733 4,
376 2676 402 2725 5.
441 2677 583 2726 ulterior
605 2713 611 2724 .
637 2712 643 2724 .
666 2712 672 2724 .
696 2676 803 2725 miser·
827 2677 912 2728 bande
933 2679 962 2728 of
986 2679 1085 2741 roughs
1108 2679 1162 2728 and
1185 2679 1353 2742 gladiatore.

290 2751 381 2801 rima:
404 2753 446 2802 for
462 2753 518 2802 this
540 2767 587 2802 use
610 2753 640 2802 of
662 2753 710 2802 the
733 2766 804 2802 com·
825 2753 1270 2817 hoc,abl.aitercomp.:whatin
1283 2759 1303 2809 I.
1316 2763 1356 2812 4?

290 2831 411 2892 parante
439 2843 483 2879 see
507 2844 543 2878 on
569 2830 621 2880 III.
647 2828 692 2878 13.
715 2831 803 2880 48-50.
858 2829 905 2886 §2
924 2831 1026 2881 10-17.
1044 2831 1171 2892 pudet
1201 2845 1267 2883 me:
1309 2837 1357 2886 for

290 2906 461 2968 utriusque,
483 2906 537 2968 obj.
563 2909 621 2968 gen‘.
645 2907 711 2955 with
735 2921 805 2957 com·
827 2909 1010 2960 construction
1031 2909 1066 2958 cl.
1094 2908 1356 2968 Sampsiceramum

290 2983 388 3042 munis,
401 2982 474 3032 itself
485 2983 731 3045 governingapart.
743 2997 802 3045 gen.
824 2986 973 3045 poenitere,
992 2985 1041 3046 up.
1067 2983 1103 3035 V.
1122 2985 1148 3033 2.
1168 2985 1191 3034 6.
1228 2985 1356 3038 aficere

291 3059 321 3107 oi
342 3073 481 3121 pronouns
507 3059 648 3122 (nostrum,
677 3059 710 3109 ci.
733 3059 802 3108 Mur.
827 3061 1081 3112 ...excluderez
1098 3062 1161 3110 how
1178 3067 1229 3123 put
1246 3063 1279 3112 iu
1298 3065 1355 3128 Ep.

291 3133 336 3182 ³⁷.
348 3135 385 3196 8),
398 3137 452 3184 and
465 3136 591 3198 agreeing
601 3136 665 3184 with
676 3149 764 3184 nouus
776 3149 805 3184 as
827 3137 906 3187 XXI.
920 3137 939 3185 2
952 3138 1005 3187 19?
1036 3137 1198 3194 cecidisse.
1213 3137 1354 3191 ‘failedt'

291 3224 326 3259 an
339 3211 408 3273 adi:
430 3211 473 3261 ior
491 3212 525 3260 its
542 3226 589 3261 use
607 3211 636 3260 in
653 3212 701 3260 the
717 3211 804 3273 plural
828 3214 900 3264 what
916 3213 980 3264 does
999 3214 1020 3264 it
1038 3227 1118 3263 mean
1135 3214 1164 3262 iu
1178 3214 1243 3276 Eps.
1259 3215 1353 3266 XIII.

292 3301 335 3337 see
347 3302 383 3337 on
393 3287 458 3338 Sull.
470 3287 515 3336 62.
528 3289 566 3338 28.
827 3285 852 3338 1.
866 3291 896 3338 14
908 3291 961 3340 and
974 3290 1040 3341 VII.
1054 3289 1071 3339 I.
1085 3290 1123 3340 3?

324 3364 385 3414 6-8.
414 3377 483 3414 mea
510 3366 648 3426 proprie:
676 3365 719 3415 for
743 3377 806 3415 con·
859 3365 907 3422 58.
926 3365 1028 3415 18-22.
1046 3369 1118 3415 tuto
1135 3365 1209 3414 eim:
1229 3366 1278 3418 for
1304 3371 1358 3420 the

292 3441 463 3490 structIonoi
471 3444 588 3502 propria
601 3443 805 3502 seconimperii
828 3441 927 3491 adverb
944 3442 979 3491 ci.
1002 3442 1024 3490 Ι.
1046 3440 1092 3490 19.
1112 3442 1136 3490 8.
1194 3443 1289 3503 quod
1310 3445 1359 3494 la-

293 3516 803 3577 1.12.263f0rmatofmeaseeon1.
827 3518 928 3574 borae,
959 3519 1006 3568 ‘as
1034 3524 1062 3568 to
1090 3518 1179 3566 which
1210 3532 1269 3579 you
1308 3536 1359 3572 are

293 3593 318 3641 7.
332 3595 370 3642 22.
406 3594 553 3642 officium:
573 3594 650 3643 could
664 3594 718 3642 this
732 3607 804 3642 noun
829 3594 977 3644 troubled:’
1008 3595 1133 3644 forense
1156 3594 1184 3642 ol
1207 3597 1291 3655 quod
1318 3599 1357 3648 cf.

292 3670 435 3719 havebeen
444 3671 575 3719 omitted?
592 3670 641 3719 See
652 3684 687 3720 on
698 3670 805 3718 111.2⁷.
829 3669 895 3718 Sull.
919 3669 965 3717 51.
988 3669 1027 3718 23.
1064 3667 1103 3717 de
1126 3668 1245 3718 officio:
1274 3673 1362 3723 what

292 3746 316 3795 ὅ.
339 3745 502 3807 legatione,
510 3746 638 3795 tendered
651 3746 683 3807 hy
695 3746 807 3796 whom?
828 3745 907 3794 other
934 3745 1120 3794 construction
1148 3745 1171 3794 is
1198 3748 1362 3808 possible?

293 3821 342 3874 See
366 3836 393 3888 p.
420 3824 460 3884 42,
484 3825 497 3887 ᾗ
521 3822 560 3876 to.
587 3822 695 3885 cupiit.
714 3823 805 3874 armed
830 3821 872 3873 cf.
889 3823 939 3885 Ep.
954 3821 1049 3873 XVII.
1063 3820 1088 3870 3.
1100 3821 1140 3873 33.
