2876 4378
251 287 315 352 546
594 300 668 351 eno
689 301 720 351 r.
745 301 872 352 snsmo
895 299 1044 352 onn'no.

306 487 343 544 ut
359 487 437 544 ante
453 479 534 556 dixi,
552 479 676 544 multos
692 478 910 556 adversarios,
928 481 1091 557 inimicos
1109 480 1243 546 invidos
1268 503 1351 559 esse,

306 583 414 648 multa
423 585 570 668 proponi
586 583 745 668 pericula,
764 584 886 648 multas
903 583 1021 650 inferri
1044 586 1198 662 iniurias.
1212 607 1352 673 magnos

218 724 225 742 ι
304 709 376 752 esse
394 687 619 772 experiundos
641 695 675 753 et
690 687 882 752 subeundos
899 687 1044 764 lab01·es;
1068 689 1127 754 sed
1143 689 1227 754 mihi
1243 693 1353 756 omnis

306 793 412 856 oratio
440 799 492 855 est
514 813 590 856 cum
618 793 755 867 virtute,
782 813 849 855 non
875 814 952 857 cum
979 791 1116 870 desidia,
1144 816 1220 860 cum
1245 795 1354 882 digni-

252 911 281 956 ιο
303 903 381 972 tate,
401 917 470 960 non
493 917 570 959 cum
596 895 780 980 voluptate,
807 918 883 960 oum
909 897 959 972 iis,
986 898 1046 982 qni
1070 920 1105 963 se
1129 899 1268 984 patriae,
1294 901 1353 983 qni

303 1000 374 1064 suis
405 999 546 1076 civibus,
571 1001 631 1084 qui
654 999 757 1075 laudi,
791 1000 850 1084 qui
880 1000 1016 1086 gloriae,
1048 1023 1116 1064 non
1144 1003 1204 1086 qui
1234 1025 1353 1068 somno

303 1111 338 1168 et
361 1104 525 1169 conviviis
553 1111 588 1168 et
617 1103 834 1168 delectationi
865 1112 961 1170 natos
992 1105 1206 1172 arbitrantur.
1253 1106 1353 1183 Nam,

303 1209 332 1272 si
349 1209 408 1292 qui
424 1207 655 1292 voluptatibus
672 1207 847 1272 ducuntur
871 1216 906 1274 et
930 1231 965 1274 se
990 1211 1151 1275 vitiorum
1175 1211 1354 1278 inlecebris
1434 1273 1435 1276 ,

303 1320 338 1376 et
365 1311 603 1397 cupiditatium
634 1312 809 1376 lenociniis
834 1312 1047 1390 dediderunt,
1080 1317 1196 1380 missos
1225 1315 1357 1382 faciant

252 1432 279 1476 15
302 1415 456 1491 honores,
484 1437 525 1480 ne
556 1416 727 1502 attingant
757 1437 828 1480 rem
860 1417 1038 1502 publicam,
1071 1419 1246 1502 patiantur
1270 1421 1357 1484 viro

232 1515 288 1579 139
303 1541 377 1582 rum
405 1518 544 1584 fortium
567 1519 679 1584 labore
703 1541 737 1584 se
762 1521 830 1584 otio
859 1543 922 1584 suo
949 1516 1089 1606 perfrui.
1136 1521 1205 1600 Qui
1237 1531 1356 1588 autem

306 1621 426 1687 bonam
449 1622 570 1687 fernam
596 1609 770 1700 bonbrum,
796 1646 882 1708 quae
910 1627 981 1690 sola
1011 1647 1088 1690 vere
1118 1625 1226 1712 gloria
1250 1629 1358 1691 nomi-

306 1727 378 1790 nari
401 1734 522 1812 potest,
547 1736 723 1813 expetunt,
752 1729 826 1792 aliis
853 1730 960 1792 otium
985 1739 1144 1814 ‘quaerere
1168 1729 1298 1796 debent
1322 1740 1358 1797 et

302 1831 505 1917 voluptates,
522 1853 590 1896 non
611 1831 684 1896 sibi.
732 1832 930 1897 Sudandum
946 1842 999 1898 est
1022 1835 1062 1902 iis
1085 1856 1145 1920 pro
1168 1839 1359 1901 communi-

250 1936 365 2000 cobus
390 1936 581 2012 commodis,
603 1936 778 2002 adeundae
803 1938 1008 2015 inimicitiae,
1032 1939 1227 2006 subeundae
1254 1963 1357 2026 saepe
1434 1935 1435 1952 ³

303 2062 362 2124 pro
399 2063 434 2104 re
469 2040 603 2126 publica
637 2048 863 2124 tempestates,
895 2064 973 2107 cum
1007 2043 1123 2108 inultis
1154 2044 1358 2123 audacibus,
1434 2105 1435 2108 ,

302 2144 461 2228 inprobis
478 2166 546 2207 non
562 2166 747 2228 numquam
769 2147 872 2210 etiam
894 2147 1089 2230 potentibus
1112 2148 1358 2220 dimicandum,

304 2247 397 2312 Haec
421 2247 614 2312 audivimus
630 2248 671 2313 de
694 2249 955 2314 clarissimorum
973 2252 1122 2316 virorum
1145 2255 1298 2318 consiliis
1325 2265 1361 2322 et
1434 2261 1435 2268 ’

302 2351 410 2428 factis,
438 2352 519 2416 haec
551 2353 751 2438 accepimus,
780 2353 861 2419 haec
890 2354 1045 2441 legimus.
1092 2355 1211 2440 Neque
1235 2379 1295 2423 eos
1322 2361 1359 2423 in

249 2470 279 2517 25
301 2457 400 2522 laude
416 2459 543 2543 positos
561 2457 725 2533 videmus,
743 2459 803 2542 qui
818 2459 1004 2522 incitarunt
1026 2459 1209 2543 aliqnando
1233 2464 1361 2546 populi

302 2563 429 2626 animos
466 2562 509 2626 ad
538 2561 749 2638 seditionem,
781 2569 842 2626 aut
871 2564 932 2647 qui
962 2563 1139 2649 largitione
1171 2575 1364 2631 caecarunt

303 2674 430 2732 mentes
456 2668 697 2752 imperitorum,
723 2674 783 2730 aut
809 2667 869 2751 qui
896 2665 994 2731 fortis
1019 2675 1054 2732 et
1069 2667 1175 2732 cleros
1202 2669 1297 2733 viros
1326 2679 1364 2735 et

302 2769 385 2835 bene
402 2770 442 2836 de
459 2793 493 2836 re
517 2771 653 2856 publica
677 2773 811 2836 meritos
836 2771 872 2834 in
895 2757 1058 2834 invidiam
1082 2771 1230 2856 aliquem
1258 2796 1364 2840 voca-

304 2882 435 2938 verunt.
482 2875 581 2940 Levis
604 2875 663 2940 h'os
688 2897 817 2960 semper
841 2875 946 2938 nostri
970 2875 1121 2940 homines
1145 2884 1180 2940 et
1204 2877 1362 2946 audaces

249 2990 278 3036 30
300 2985 334 3042 et
349 2979 453 3042 malos
470 2987 505 3044 et
521 2981 724 3064 perniciosos
742 2981 832 3043 cives
851 2986 1069 3064 putaverunt.
1116 2979 1167 3043 At
1182 3001 1264 3045 vero
1291 2987 1359 3068 qui

299 3143 478 3203 experiundos
492 3143 545 3192 and
562 3143 722 3193 subeundos.
758 3143 810 3192 For
832 3144 903 3193 hom
926 3148 1018 3205 stems,
1043 3145 1073 3192 in
1095 3146 1158 3206 tat,
1182 3144 1284 3208 chiefly
1312 3150 1364 3199 ab·

298 3219 353 3267 this
365 3233 412 3268 use
423 3219 453 3267 oi
470 3232 557 3267 acase
569 3218 595 3267 in
609 3219 735 3268 different
747 3233 810 3268 con-
831 3225 915 3268 straet
931 3221 985 3269 and
1003 3219 1039 3269 all
1056 3219 1197 3282 feminine,
1212 3221 1242 3270 ln
1260 3225 1360 3275 dulce)

297 3296 443 3344 structione
454 3295 489 3344 cf.
504 3293 602 3358 EpV.
620 3296 645 3343 2.
659 3296 687 3357 63
706 3295 742 3345 ΙΙ.
763 3295 807 3343 25.
831 3295 945 3345 misam
972 3296 1097 3353 faciant,
1126 3295 1178 3346 ‘let
1206 3299 1286 3348 them
1322 3302 1364 3352 let

298 3371 336 3422 12.
831 3373 931 3422 honora
953 3373 1014 3436 go;’
1042 3373 1085 3422 for
1101 3372 1200 3434 secere
1222 3377 1279 3424 and
1308 3379 1364 3427 the

329 3446 410 3497 9-16.
428 3460 499 3497 cum
532 3448 657 3505 virtute,
679 3447 807 3506 desidia,
830 3449 897 3511 perf.
917 3461 986 3510 pass.
1006 3454 1075 3511 part.
1089 3463 1133 3498 see
1145 3449 1179 3499 A.
1194 3451 1244 3499 292
1263 3451 1298 3513 d,·
1321 3454 1359 3503 G.

296 3524 414 3574 abstract
429 3526 472 3575 for
482 3530 618 3574 concrete:
639 3523 721 3573 ‘with
735 3526 806 3584 (men
829 3523 889 3588 5373
907 3525 937 3574 P.
957 3524 1033 3577 5470
1053 3525 1086 3575 ad
1106 3525 1151 3574 fin.
1188 3526 1258 3576 otio
1284 3541 1364 3588 suo,

295 3598 336 3661 of)
354 3615 460 3664 enemy,
474 3601 535 3651 etc!
571 3600 807 3662 cupiditatium:
829 3601 880 3650 abl.
895 3602 925 3650 ol
936 3615 1056 3650 manner.

295 3677 386 3726 notice
404 3678 449 3727 the
463 3692 522 3740 gen.
538 3679 566 3726 in
584 3679 661 3738 -c'um,
675 3677 806 3738 although
861 3677 942 3738 5139.
962 3677 1008 3735 21,
1019 3678 1065 3725 22.
1083 3688 1169 3727 cum:
1186 3678 1231 3727 for
1249 3681 1287 3732 its
1309 3696 1365 3732 use

295 3754 342 3804 the
364 3767 439 3804 noun
462 3755 602 3804 increases.
639 3754 723 3816 Roby,
747 3753 806 3802 445:
829 3767 873 3804 see
884 3768 920 3803 on
932 3753 970 3804 11.
983 3753 1029 3803 18.
1042 3755 1081 3804 26.
1103 3755 1307 3816 potentibus.
1322 3773 1364 3809 an

297 3829 359 3880 ‘the
368 3843 427 3894 gen.
438 3830 474 3894 pl.
486 3831 508 3880 is
515 3830 693 3892 occasionally
701 3830 806 3890 formed
829 3831 945 3894 allusion
957 3835 985 3892 tc
997 3831 1045 3888 the
1057 3831 1133 3881 three
1145 3837 1265 3896 regents.
