2936 4376
253 299 316 362 318
597 313 669 363 rao
693 314 723 362 P.
748 313 871 364 sunna
894 312 1045 363 onarro.

252 485 290 550 45
347 500 423 547 XVI.
448 483 534 546 Mihi
566 484 765 568 cuiusquam
796 483 887 548 salus
911 483 998 547 tanti
1022 481 1152 558 fuisset,
1177 488 1221 547 'ut
1243 502 1350 548 meam

305 587 542 674 neglegerem?
564 610 623 673 per
644 609 696 652 me
722 609 786 673 ego
810 587 987 652 veritatem
1013 585 1217 671 patefactam
1241 594 1374 652 conta·-

305 692 465 756 minarem
497 691 612 776 aliquo
643 690 842 756 mendacio?
873 711 1077 776 quemquam
1110 689 1256 776 denique
1288 713 1350 777 ego

304 797 463 872 iuvarem,
487 817 507 858 a
537 816 605 879 quo
636 802 671 859 et
696 802 764 859 tam
794 793 939 860 crudelis
963 793 1101 859 insidias
1126 795 1349 880 reipublicae

267 900 410 966 tinctas
441 906 476 964 et
506 920 558 964 me
590 899 801 984 potissimum
833 898 969 964 consule
994 899 1173 983 putarem?
1220 898 1350 983 Quodsi

236 991 238 996 ¹
305 1005 370 1068 iam
402 990 521 1069 essem¹
548 1001 672 1067 oblitus
710 1003 899 1068 severitatis
937 1010 972 1068 et
1010 1003 1217 1068 constantiae
1248 1025 1350 1080 meae,

306 1116 418 1174 tamne
441 1129 555 1172 amens
579 1128 678 1183 eram,
703 1115 751 1183 ut,
769 1127 846 1171 cum
871 1107 1004 1192 litterae
1028 1109 1234 1192 posteritatis
1251 1129 1352 1174 causa

306 1220 455 1296 repertae
471 1213 550 1288 sint,
567 1231 653 1296 quae
677 1209 826 1280 subsidio
846 1210 1005 1276 oblivioni
1030 1233 1102 1276 esse
1125 1219 1272 1297 possent,
1288 1235 1351 1299 ego

306 1323 473 1382 recentem
490 1322 649 1401 putarem,
667 1315 857 1378 memoriam
886 1316 999 1380 cuncti
1027 1324 1163 1381 senatus
1188 1339 1353 1382 commen-

234 1422 293 1507 ‚46
305 1421 389 1485 tario
406 1441 480 1484 meo
496 1440 592 1504 posse
609 1417 786 1502 superari?
833 1419 917 1484 Fero
941 1441 1003 1506 ego
1027 1426 1070 1496 te,
1088 1420 1269 1505 Torquate,
1286 1421 1351 1484 iam

255 1541 281 1585 11
305 1522 444 1600 dudum,
469 1522 540 1588 iero
563 1530 599 1588 et
625 1544 693 1586 non
725 1544 909 1609 numquam
936 1525 1085 1588 animum
1108 1525 1283 1589 incitatum
1309 1524 1351 1590 ad

307 1627 533 1692 ulciscendam
564 1627 747 1691 orationem
777 1634 868 1691 tuam
897 1650 1017 1693 revoco
1048 1630 1118 1712 ipse
1146 1636 1182 1693 et
1207 1627 1351 1706 reflecte,

306 1732 465 1816 permitto
480 1730 611 1816 aliquid
628 1731 817 1797 iracundiae
835 1740 921 1808 tuae,
940 1732 983 1796 do
999 1731 1256 1810 adulescentiae,
1270 1733 1352 1798 cedo

304 1835 477 1911 amicitiae,
495 1834 606 1899 tribuo
621 1837 761 1919 parenti.
809 1835 885 1913 Sed,
898 1837 962 1900 nisi
980 1837 1040 1900 tibi
1055 1837 1200 1923 aliquem
1216 1823 1351 1902 modum

255 1955 282 1999 15
305 1947 377 2004 tute
405 1939 630 2016 constitueris,
655 1961 753 2026 coges
780 1962 831 2005 me
857 1941 999 2005 oblitum
1024 1948 1155 2006 nostrae
1186 1942 1352 2006 amicitiae

306 2043 426 2109 habere
450 2045 613 2109 rationem
635 2065 727 2109 meae
752 2043 935 2132 dignitatis.
984 2045 1092 2111 Nemo
1115 2068 1275 2136 umquam
1298 2068 1352 2111 me

306 2150 504 2214 tenuissima
527 2149 718 2233 suspicione
741 2150 949 2233 perstrinxit,
972 2172 1073 2235 quem
1096 2173 1163 2214 non
1186 2159 1355 2235 perverts

308 2255 368 2316 rim
385 2275 423 2318 ac
440 2253 668 2340 perfregerim.
716 2252 782 2318 Sed
806 2253 887 2316 mihi
911 2254 973 2319 hoc
999 2254 1114 2320 credas
1131 2256 1250 2320 velim:
1275 2255 1354 2319 Non

308 2359 348 2422 iis
380 2357 599 2423 libentissime
632 2357 723 2422 soleo
759 2357 969 2442 respondere,
1003 2381 1087 2444 quos
1126 2360 1207 2423 mihi
1237 2359 1355 2424 videor

252 2465 292 2527 47
308 2461 465 2526 facillime
483 2483 579 2546 posse
596 2483 761 2546 superare.
809 2461 862 2524 Tu
888 2464 1044 2547 quoniam
1068 2465 1204 2528 minime
1220 2465 1354 2550 ignoras

334 2637 400 2698 545.
418 2636 480 2685 1-4.
497 2635 616 2693 inisset,
627 2648 646 2685 c
655 2636 817 2685 ontami-
842 2637 950 2688 flecto:
963 2641 1010 2688 the
1022 2639 1163 2701 metaphor
1176 2640 1197 2688 is
1205 2639 1275 2688 from
1283 2639 1356 2688 driv-

302 2723 414 2768 narem,
437 2711 590 2760 iuvarem:
615 2711 657 2760 ior
678 2711 756 2760 mood
780 2712 814 2760 ci.
842 2714 1000 2776 inghorses:
1012 2715 1047 2762 cf.
1059 2713 1134 2763 Caes.
1147 2713 1196 2764 IV.
1207 2713 1247 2761 33
1258 2714 1292 2763 ad
1304 2714 1353 2764 fin.

303 2790 457 2846 errrenticre,
469 2785 481 2843 i
494 2788 532 2837 44.
551 2788 591 2846 31,
606 2787 658 2836 and
677 2787 720 2836 ior
731 2793 815 2848 tense,
842 2789 1013 2848 permitto.
1031 2824 1036 2836 .
1054 2823 1060 2836 .
1077 2787 1190 2845 tribuo,
1220 2787 1250 2837 ‘1
1272 2789 1355 2838 make

303 2863 338 2911 A.
360 2863 407 2912 268
425 2863 515 2923 Rern.;
536 2863 567 2912 G.
590 2864 637 2910 252
657 2862 690 2911 ad
710 2861 758 2924 iin3
779 2863 813 2910 H.
840 2879 914 2914 some
928 2865 1082 2926 ailowance,
1096 2879 1169 2915 some
1185 2866 1352 2926 concession‚

247 2950 252 2960 ·
306 2937 356 2987 484
368 2934 402 2986 V.
418 2936 478 2986 ioot
496 2939 561 2987 note
576 2937 607 2999 35
621 2935 652 2988 B.
669 2938 726 2988 277.
761 2935 814 2987 For
839 2955 914 2990 some
937 2941 1063 3001 sacrifice,
1086 2940 1100 2989 1
1119 2954 1175 2990 owe
1198 2941 1355 3004 something

304 3009 365 3073 'past
377 3012 440 3060 time
453 3013 499 3061 the
513 3017 601 3062 tenses
614 3013 678 3062 used
692 3013 755 3062 here
771 3027 816 3060 are
839 3016 886 3065 to.’
924 3015 1042 3077 aliquid
1060 3022 1133 3064 must
1144 3016 1177 3065 be
1189 3016 1273 3065 taken
1285 3015 1354 3065 with

304 3101 437 3146 common,
450 3088 503 3157 and
515 3088 673 3138 differlittle
686 3089 713 3136 in
726 3102 816 3137 mean·
838 3091 904 3140 each
917 3092 947 3140 oi
958 3092 1003 3140 the
1011 3091 1072 3140 four
1081 3091 1165 3140 verbs.

304 3163 416 3226 ing2the
425 3164 556 3225 perfectis
565 3179 630 3225 rare,
639 3164 814 3220 butisiound,
870 3166 916 3225 17,
929 3167 975 3217 18
994 3167 1185 3229 perstrinxit,
1214 3166 1351 3217 ‘chased'

304 3254 365 3301 eg,
385 3240 454 3289 Mur.
484 3238 530 3289 21.
553 3241 640 3290 ai-ae.
838 3243 1119 3306 perverterim,
1146 3242 1354 3305 perfregerim,

335 3315 397 3365 5-8.
414 3316 678 3377 potissimum,
709 3315 816 3366 ‘rather
840 3318 1022 3369 ‘overturned
1078 3319 1132 3368 and
1192 3318 1351 3369 shattered.’

304 3393 370 3442 than
419 3399 448 3442 at
486 3407 539 3455 any
588 3394 667 3442 other
717 3393 812 3454 time3’
837 3395 913 3444 mihi
944 3394 1006 3444 hoc
1041 3395 1153 3444 credas
1185 3394 1289 3451 velim,
1321 3394 1353 3444 ‘I

303 3469 350 3518 the
368 3469 439 3518 word
467 3469 544 3518 takes
574 3469 608 3518 its
638 3483 716 3518 sense
745 3469 815 3518 irorn
837 3471 934 3520 should
967 3471 1022 3521 like
1055 3486 1109 3534 you
1142 3477 1171 3520 to
1205 3471 1268 3520 take
1306 3485 1354 3532 my

304 3546 350 3594 the
377 3551 500 3595 context:
533 3545 567 3594 ci.
598 3546 668 3594 Mur.
700 3545 744 3592 ⁷⁵.
775 3548 812 3595 15.
838 3548 911 3598 word
925 3548 967 3597 ior
976 3547 1103 3610 this;’cf.
1117 3548 1154 3597 II.
1168 3547 1214 3595 15.
1227 3547 1264 3596 18.
1300 3547 1355 3595 For

303 3625 460 3683 quae=nt
479 3635 535 3671 ece.
571 3620 714 3670 subsidio
737 3620 814 3670 obli·
837 3625 903 3673 mihi
922 3637 966 3672 see
986 3638 1022 3672 on
1043 3623 1065 3672 Ι.
1090 3621 1116 3671 6.
1135 3625 1163 3682 53
1186 3623 1229 3671 ior
1248 3623 1297 3671 hoc
1316 3635 1353 3670 on

304 3697 404 3747 vioni:
434 3698 477 3746 ior
499 3711 573 3746 cases
601 3697 635 3745 cf.
666 3697 741 3746 Caes.
774 3699 811 3747 ll.
837 3699 902 3758 §iia
925 3700 965 3753 19:
989 3699 1031 3747 ior
1049 3699 1145 3748 credas
1162 3713 1196 3747 on
1217 3698 1355 3746 edrici-raet

302 3773 348 3821 20.
360 3776 383 3822 2.
837 3774 873 3823 ΙΙ.
895 3774 920 3821 5.
941 3776 982 3835 ia;
1000 3775 1042 3824 ior
1063 3774 1193 3823 colinton
1212 3771 1353 3843 pervelim,

335 3851 349 3922 a
368 3851 407 3902 re.
424 3849 525 3908 11-14.
542 3850 677 3909 animum
699 3885 727 3900 ..
745 3887 750 3900 .
768 3864 813 3903 re·
835 3849 900 3923 saa
914 3851 953 3910 aa,
