2954 4374
469 321 550 371 σοι».
575 321 663 381 sess,
688 319 702 380 s
725 320 811 372 rore.
1162 307 1224 374 205

122 493 340 558 dctrnxerint
395 491 497 572 Quod
520 493 610 557 enim
635 500 769 576 tempus
798 490 864 556 init
890 500 950 556 cut
976 498 1089 558 nostra
1115 501 1175 558 aut

121 605 255 683 patrum
271 604 461 661 nostrorum
478 597 645 669 memoria,
668 616 736 680 quo
760 595 852 670 haec,
875 597 946 660 sive
969 594 1107 660 ambitio
1122 604 1175 662 est

120 703 192 767 sive
209 700 402 775 liberalitas,
419 722 486 764 non
504 699 618 774 fuerit,
637 709 675 764 ut
690 701 784 764 locus
801 701 881 764 etin
899 700 987 766 circo
1003 700 1084 764 etin
1102 699 1174 765 iore

121 806 259 871 daretur
279 805 393 870 amieis
415 813 450 869 et
472 803 679 869 tribulibus?
724 821 840 867 xxxv.
874 803 966 868 Haec
982 805 1093 878 omnic
1108 825 1174 869 sec·
1186 808 1225 872 ts

121 919 280 985 totorum,
307 909 585 995 spectaculorum,
613 907 830 994 prandiorum
857 909 997 973 crimine
1023 908 1175 974 multitu·

120 1015 199 1080 dine
221 1015 329 1080 invita
352 1022 412 1078 tna
435 1014 539 1077 nimia
565 1012 751 1100 diligentia,
773 1012 879 1088 Servi,
896 1013 1048 1078 conlecto
1070 1023 1172 1088 sunt;

120 1122 155 1183 in
172 1115 297 1204 quibus
314 1126 425 1183 tamen
439 1117 583 1183 Murena
598 1125 734 1183 senatus
751 1118 952 1205 auctoritate
969 1117 1171 1182 defenditur.

122 1223 215 1304 Quid
231 1223 342 1287 enim?
363 1231 500 1288 senatus
517 1244 599 1287 num
616 1221 748 1286 obviam
765 1221 896 1306 prodire
913 1223 1037 1286 crimen
1055 1225 1173 1307 putet?
1210 1241 1224 1284 s

121 1328 208 1404 Non,
236 1327 297 1392 sed
321 1327 481 1392 mercede.
529 1326 712 1391 Convincc.
759 1325 849 1390 Num
880 1327 1001 1390 sectari
1023 1327 1174 1390 multos?

121 1433 208 1508 Non,
225 1431 287 1497 sed
301 1431 493 1496 conductos.
526 1432 627 1495 Doce.
661 1430 751 1494 Num
767 1431 878 1494 locum
894 1430 936 1494 ad
952 1430 1173 1514 spectandum

121 1536 200 1602 dare
227 1545 288 1600 aut
313 1535 355 1600 ad
378 1535 554 1620 prandium
582 1535 748 1600 invitare?
794 1534 944 1611 Minime,
971 1533 1031 1600 scd
1063 1535 1172 1621 volgo.

122 1639 214 1720 Quid
230 1649 283 1704 est
298 1639 423 1726 volgo?
471 1639 666 1705 Universos.
712 1638 789 1702 Non
813 1637 927 1724 igitur,
944 1639 971 1703 si
996 1637 1034 1702 L.
1059 1637 1171 1714 Natta,

121 1765 253 1809 summo
278 1744 350 1808 loeo
375 1742 581 1819 adulescens,
607 1745 666 1830 qui
692 1752 727 1809 et
749 1729 818 1828 quo
841 1743 952 1807 animo
977 1744 1041 1807 iam
1068 1744 1114 1808 sit
1138 1753 1174 1809 et
1198 1759 1225 1806 ιο

121 1850 232 1935 qualis
259 1849 311 1912 vir
338 1848 474 1912 iuturus
497 1850 552 1922 sit,
577 1847 741 1922 videmus,
766 1849 799 1910 in
825 1848 978 1932 equitum
1003 1849 1164 1913 centuriis

121 1955 233 2019 voluit
262 1975 335 2018 esse
366 1961 402 2017 et
432 1952 474 2016 ad
506 1953 567 2017 hoc
598 1951 744 2017 officium
776 1951 1032 2018 necessitudinis
1063 1960 1099 2018 et
1129 1953 1172 2016 ad

121 2057 289 2142 reliquum
314 2063 447 2140 tempus
471 2057 649 2142 gratiosus,
674 2054 709 2120 id
734 2057 798 2120 erit
822 2057 895 2121 eius
919 2057 1038 2120 vitrico
1060 2055 1171 2122 fraudi

121 2169 181 2226 cut
203 2161 344 2237 crimini,
362 2181 434 2236 nce,
460 2163 488 2224 si
509 2161 605 2247 virgo
625 2161 783 2236 Vestalis,
801 2160 901 2226 huius
926 2147 1115 2246 propinqua
1138 2171 1173 2227 et

120 2266 316 2337 neccssaria,
348 2265 458 2330 lecum
488 2286 589 2329 suum
624 2264 861 2351 gladiatorium
889 2266 1053 2330 concessit
1083 2265 1224 2340 huic,15

121 2431 187 2479 each
205 2433 291 2491 veter,
310 2429 363 2478 and
385 2430 419 2478 he
443 2429 578 2479 indicated
596 2430 638 2478 iris
658 2430 802 2492 interprete
818 2429 889 2478 irem
907 2430 952 2478 the
969 2429 1127 2491 stendpoint
1144 2429 1173 2479 ol

120 2507 214 2558 choice
225 2507 270 2556 lor
281 2507 348 2556 eseli
360 2507 437 2557 office
449 2507 483 2568 by
496 2509 606 2570 putting
622 2520 638 2555 a
658 2507 704 2556 the
717 2506 837 2557 defence.

120 2584 199 2632 mark
219 2582 388 2644 (punctum),
403 2590 431 2632 ct
449 2585 495 2632 the
512 2597 592 2632 name
610 2583 638 2632 ol
689 2582 715 2631 9.
732 2582 762 2631 Ιι.
782 2582 932 2645 (Pinarius)
944 2581 1050 2639 Natta,
1062 2588 1170 2645 stepson

120 2661 168 2709 the
191 2673 255 2708 man
279 2660 314 2708 ire
337 2661 417 2709 voted
440 2661 490 2709 lor.
534 2659 635 2720 Hence,
657 2659 686 2708 ol
711 2659 833 2710 Murena.
870 2659 913 2708 He
935 2659 981 2708 did
1006 2665 1053 2709 not
1075 2660 1171 2722 justiiy

116 2739 253 2797 punctum
284 2749 360 2786 eume
392 2743 420 2785 to
453 2750 532 2786 mean
565 2741 635 2786 vote.
658 2736 775 2786 Cicero‘s
794 2737 1016 2799 eomplinrentery
1030 2735 1170 2800 languege,

120 2811 263 2861 habitae:
280 2812 323 2862 for
334 2813 462 2875 meaning
473 2813 508 2862 ef.
522 2813 587 2873 550.
601 2813 625 2862 6.
657 2813 700 2861 for
712 2813 739 2861 in
751 2813 792 2874 58,
805 2813 925 2875 yielding
937 2819 966 2862 to
978 2813 1024 2861 the
1040 2811 1172 2862 intluenee

153 2887 199 2945 ³2,
207 2886 254 2935 33.
271 2885 349 2936 haee
362 2888 538 2937 relerstothe
549 2887 638 2938 clause
657 2889 687 2938 ol
708 2890 751 2938 iris
768 2889 981 2940 brother-inlaw
999 2889 1120 2950 Clodius,
1138 2890 1172 2939 lie

120 2966 152 3013 ut
170 2999 177 3012 .
250 2963 372 3024 daretur,
383 2963 430 3012 bnt
438 2965 460 3012 is
468 2963 600 3013 attracted
610 2968 638 3013 to
657 2966 804 3016 consented
827 2972 856 3016 to
877 2967 925 3016 the
950 2965 1117 3015 destruction
1142 2966 1171 3014 ol

120 3041 169 3088 the
181 3039 282 3102 gender
293 3039 322 3088 oi
334 3039 380 3089 the
392 3040 527 3101 predicate
539 3053 636 3090 noune.
657 3041 775 3093 Cicero's
792 3043 877 3093 house
893 3057 929 3094 on
946 3042 995 3091 the
1012 3041 1144 3092 Palatine.

121 3127 185 3164 non
201 3115 302 3172 luerit,
317 3115 380 3165 ‘did
398 3122 447 3166 not
464 3117 528 3165 take
540 3116 635 3180 pisce,’
685 3119 787 3168 10-13.
795 3123 828 3168 et
839 3155 844 3166 .
857 3155 862 3166 .
875 3155 880 3166 .
893 3122 932 3175 et,
943 3119 1041 3168 ‘both.
1056 3153 1063 3167 .
1078 3118 1169 3168 .and.'

124 3191 387 3243 ‘wasnotellowed’
416 3193 448 3240 in
463 3193 637 3250 loro,where
656 3194 705 3252 ed,
727 3195 808 3245 ‘with
828 3210 845 3244 a
862 3197 930 3245 view
947 3195 995 3244 to.’
1030 3193 1171 3244 officium

122 3268 170 3317 the
181 3268 254 3329 prize
271 3267 352 3330 fights
370 3267 436 3318 toolr
454 3267 529 3330 pisce
546 3267 637 3318 before
657 3271 979 3330 necessitudinin‘the
987 3273 1088 3321 service
1096 3277 1171 3321 netu·

122 3342 169 3392 the
180 3342 245 3406 days
257 3344 286 3393 ol
303 3342 524 3406 cmpirlthectres.
657 3349 697 3397 rai
720 3355 749 3397 to
776 3349 832 3398 this
861 3347 1056 3410 relationship)
1102 3347 1171 3397 rell-

658 3437 752 3486 quum
774 3428 906 3486 tempus,
927 3425 981 3484 l.e.‚
1002 3430 1052 3473 not
1072 3425 1171 3486 merely

154 3496 215 3557 573.
235 3495 297 3544 2-4.
314 3496 636 3546 multitudinemmte:
657 3509 685 3552 to
701 3502 818 3551 forwcrd
834 3501 973 3550 Murene's
987 3514 1109 3560 eanvess,
1123 3500 1172 3549 bnt

121 3573 169 3622 the
181 3573 275 3636 peoplc
286 3573 331 3622 did
344 3580 393 3622 not
404 3587 522 3636 approve
534 3573 563 3621 ol
579 3573 637 3622 Sul·
657 3579 699 3628 for
715 3579 758 3626 his
775 3591 836 3626 own
858 3578 983 3626 interests
1003 3577 1168 3626 afterwards.

122 3651 215 3712 pieius’
230 3649 498 3700 over-watelrlniness
512 3650 636 3711 (dliipcn-
655 3653 764 3709 fraudi.
800 3654 926 3716 ‘lnjnry,'
951 3654 1006 3703 dat.
1040 3653 1070 3703 of
1108 3666 1171 3714 pur-

123 3727 184 3785 tia).
220 3727 426 3776 auctoritate:
450 3739 493 3775 sec
516 3741 551 3775 on
570 3726 590 3775 1.
610 3726 636 3774 3.
656 3743 728 3790 pose.

121 3803 162 3864 ³0,
183 3803 247 3852 herc
271 3803 336 3854 used
359 3802 516 3866 slightingly
539 3803 568 3851 ol
590 3804 636 3854 tire
686 3804 790 3861 14,1⁵.
807 3804 895 3866 virgo
921 3803 1067 3860 Vestalis,
1091 3817 1170 3852 name

122 3879 275 3932 consultum
291 3881 320 3949 ol
336 3881 403 3946 567,
417 3880 507 3932 which
523 3879 559 3932 he
575 3892 637 3934 now
656 3880 803 3932 unknown.
828 3879 934 3932 locum
943 3889 1048 3930 nuum:
1060 3878 1107 3931 the
1115 3891 1170 3932 res·
