2954 4374
483 317 563 368 cnr.
586 317 674 379 carr,
698 319 711 379 r
734 319 822 370 succ.
1168 306 1229 372 191

126 517 183 560 me
201 492 372 568 dixerunt,
389 512 408 555 a
428 511 492 566 me,
509 490 669 574 quoniam
693 490 741 554 ita
764 489 909 556 Murena
925 490 1044 568 voluit,
1062 501 1180 558 retrac-

130 597 278 673 tandus3
301 617 370 681 quo
395 595 430 658 in
455 594 529 660 loeo
554 591 592 660 (l.
619 593 790 670 Postumo,
807 593 963 660 familiari
987 617 1071 672 meo,
1088 617 1181 662 orna·

131 703 262 768 tissimo
288 701 370 776 viro,
398 697 439 764 de
469 697 655 764 divisorum
685 697 817 764 indiciis
841 707 877 764 et
899 698 940 764 de
965 698 1180 785 deprehensis

131 807 295 893 pecuniis,
320 803 527 870 adulescenti
553 805 727 890 ingenioso
752 811 787 869 et
810 802 906 879 bono,
926 802 996 868 Ser.
1020 802 1179 890 Sulpicio,

130 911 172 977 de
190 911 344 995 equitum
372 908 544 984 centuriis,
565 907 612 972 M.
636 907 769 984 Catoni,
793 909 919 972 homini
945 910 980 972 in
1004 911 1095 974 omni
1117 911 1181 975 vir·
1202 927 1232 972 co

131 1025 206 1082 tute
229 1014 420 1089 excellenti,
437 1012 479 1078 de
505 1013 610 1098 ipsius
634 1015 856 1089 accusatione,
874 1012 916 1078 de
943 1021 1079 1080 senatus
1104 1036 1180 1079 con·

129 1121 232 1198 sultc,
254 1118 297 1184 de
323 1141 358 1184 re
390 1117 525 1204 publica
550 1117 764 1204 respondebo.
811 1135 930 1182 xxvn.
962 1116 1029 1183 Sed
1053 1140 1167 1204 paura,
1191 1123 1230 1186 55

130 1247 218 1312 quae
249 1245 360 1290 meum
391 1223 540 1288 animum
569 1230 707 1307 repente
739 1231 927 1299 moverunt,
956 1223 1049 1308 prius
1073 1223 1114 1290 de
1139 1223 1176 1288 L.

131 1330 296 1394 Murenae
325 1326 463 1392 fortuna
486 1347 681 1411 conquerar.
728 1327 814 1391 Nam
839 1348 917 1393 cum
947 1347 1045 1413 saepe
1069 1337 1179 1404 antea,

131 1433 270 1511 iudices,
286 1453 329 1498 ex
352 1439 387 1497 et
410 1431 552 1496 aliorum
574 1432 715 1496 miseriis
737 1439 773 1496 et
788 1452 831 1496 ex
854 1432 936 1496 meis
952 1432 1041 1497 curis
1063 1431 1177 1496 labori·

130 1538 262 1624 busque
289 1535 465 1602 cotidianis
498 1533 686 1600 fortunatos
717 1557 773 1600 eos
804 1535 954 1602 homines
986 1535 1177 1612 iudicarem,
1215 1553 1230 1599 a

130 1644 192 1730 qui
216 1642 335 1708 remoti
364 1662 385 1705 a
414 1639 536 1706 studiis
567 1639 757 1705 ambitionis
784 1641 893 1704 otium
923 1661 961 1705 ac
993 1641 1180 1725 tranquilli-

130 1755 236 1814 tatem
264 1747 353 1812 vitae
369 1745 484 1816 ,secuti
507 1753 597 1819 sunt,
618 1753 689 1808 tum
714 1745 851 1809 veroin
878 1744 929 1810 his
954 1743 992 1808 L.
1017 1743 1178 1810 Murenae

130 1853 235 1917 teritis
259 1860 395 1936 tamque
419 1849 608 1935 improvisis
633 1849 790 1933 periculis
822 1850 870 1914 ita
893 1870 967 1914 sum
991 1849 1103 1914 animo
1125 1848 1179 1914 ad·

130 1958 251 2032 fectus,
269 1962 309 2020 ut
325 1976 391 2019 non
413 1974 534 2040 queam
557 1953 638 2042 satis
660 1975 770 2038 neque
796 1975 1006 2020 communem
1030 1955 1178 2018 omnium

131 2067 285 2127 nostrum
321 2057 550 2124 condicionem
590 2079 697 2142 neque
736 2057 835 2122 huius
872 2067 1033 2123 eventum
1077 2058 1181 2122 fortu-
1204 2073 1231 2119 ιο

130 2349 241 2406 strange
276 2341 337 2390 that
365 2338 508 2389 Catilina’s
541 2337 644 2387 sudden
665 2339 791 2389 handsoi
803 2340 997 2392 thedicicores.
1034 2338 1099 2388 Ser.
1110 2338 1180 2388 Sui-

130 2419 204 2481 hope
226 2417 256 2467 oi
283 2417 394 2480 getning
416 2416 463 2464 the
489 2412 646 2475 consulship
665 2414 757 2476 prelo,
767 2417 813 2466 the
821 2416 894 2466 third
905 2417 1081 2479 subscriptor,
1092 2417 1181 2466 other-

131 2509 214 2545 wasa
226 2499 301 2556 great
312 2493 376 2556 help
388 2498 417 2542 to
429 2492 544 2541 Murena
553 2491 580 2540 *θ’
668 2491 730 2540 vise
742 2492 889 2542 unknown.

164 2572 292 2635 §ghi-83.
312 2570 398 2620 'lirird
411 2570 477 2619 Part
488 2570 518 2620 oi
529 2567 647 2619 Cicerc’s
698 2567 799 2617 30-82
834 2568 874 2619 de
899 2562 1128 2627 ...cariturus
1151 2569 1180 2618 in

132 2649 230 2712 Reply;
248 2649 296 2698 the
308 2647 414 2710 charge
426 2645 456 2696 oi
468 2645 588 2708 arroery.
667 2645 731 2707 ild.
767 2647 807 2698 de
823 2683 829 2695 .
847 2682 853 2695 .
870 2683 876 2695 .
894 2646 1049 2704 counito,
1061 2648 1090 2697 in
1106 2648 1121 2709 5
1137 2648 1176 2699 ci.

164 2725 230 2786 554.
249 2722 295 2772 26
313 2733 390 2772 ame
406 2757 413 2769 .
430 2756 436 2768 .
453 2755 460 2768 .
477 2723 647 2771 renueban-
666 2722 707 2772 de
727 2723 896 2785 republica,
919 2724 970 2774 ‘on
990 2725 1037 2774 the
1059 2723 1180 2787 politiori

132 2800 199 2850 dns.
241 2800 308 2850 'l'lris
320 2813 366 2848 uae
376 2798 405 2848 oi
416 2797 463 2848 the
476 2797 593 2847 ablativa
605 2797 648 2846 ior
667 2800 816 2861 situation,’
832 2802 860 2850 in
872 2802 886 2862 5
899 2801 931 2853 ’14
942 2801 998 2850 1011.

131 2877 180 2926 the
196 2876 288 2926 dative
304 2873 334 2924 oi
354 2874 402 2923 the
418 2879 500 2936 agent
517 2872 584 2922 with
601 2873 647 2922 the

131 2951 279 3016 gerundlve
296 2951 320 3000 ls
335 2955 385 2999 not
402 2962 575 3008 uncommon,
593 2949 646 2997 and
699 2958 764 3018 ξω,
783 2956 846 3006 (3.7,
865 2968 938 3006 oum
953 2956 1123 3006 lufflemm
1135 2991 1141 3003 ,
1154 2991 1178 3002 ,,

132 3030 155 3079 lt
177 3028 283 3090 usually
305 3041 322 3076 a
343 3039 416 3076 mere
439 3025 520 3075 Whlm
544 3024 573 3075 0¹
600 3025 647 3074 the
667 3037 741 3082 tuna
793 3034 882 3084 When
911 3035 959 3083 the
986 3033 1090 3083 clauses
1117 3045 1180 3083 cou-

132 3106 231 3166 writer,
245 3103 377 3168 although
389 3103 418 3152 ln
428 3116 502 3152 some
512 3103 647 3152 luctances
668 3109 762 3158 nected
771 3109 806 3170 by
817 3123 877 3159 cum
886 3108 939 3158 and
951 3108 1179 3158 iurnhavedliier-

132 3184 152 3232 it
171 3197 234 3245 may
245 3183 278 3232 be
294 3182 346 3231 due
363 3187 393 3230 lo
404 3194 420 3229 8
431 3179 518 3230 deslre
534 3179 576 3229 for
587 3180 648 3228 ussl·
667 3193 714 3236 ent
727 3187 813 3247 verbs,
826 3187 873 3236 the
886 3187 942 3236 first
959 3188 982 3236 is
998 3187 1076 3235 often
1093 3185 1179 3235 found

131 3260 242 3321 mili
256 3257 302 3321 (⁰f·
316 3259 350 3308 αὖ
368 3259 419 3318 Ῑῑίέ,
433 3256 450 3306 ¹·
464 3255 506 3318 2ὅ)
524 3270 555 3305 ΟΥ
566 3261 596 3306 t0
611 3271 646 3305 ⁸¹¹
668 3263 695 3311 iu
709 3263 754 3312 the
766 3263 846 3324 subj,
861 3263 938 3312 there
950 3263 1030 3325 being
1047 3261 1152 3323 usually
1162 3275 1180 3309 a

130 3337 212 3387 enon
225 3343 253 3385 to
265 3335 344 3385 avoid
356 3334 513 3397 ambiguity.
667 3338 784 3400 thought
795 3338 825 3386 oi
836 3338 995 3387 concession
1008 3349 1038 3386 or
1050 3337 1180 3398 compari-

164 3410 266 3460 27-29·
285 3409 316 3458 0«
328 3410 547 3466 Postumum,
559 3408 589 3459 oi
599 3410 647 3458 the
666 3428 715 3463 son
728 3419 848 3476 present3
860 3413 906 3473 ct,
919 3413 1051 3472 however,
1063 3413 1077 3472 ς
1087 3412 1126 3460 38.
1139 3412 1177 3460 le.

130 3489 348 3550 arrbscripiorca:
378 3486 494 3548 nothing
521 3500 595 3536 more
624 3488 647 3535 is
666 3488 765 3536 otium
782 3523 788 3535 .
805 3524 811 3534 .
829 3523 835 3534 .
852 3487 952 3537 vitae:
965 3501 1009 3537 see
1018 3485 1075 3542 oni
1089 3488 1127 3536 16.
1138 3487 1177 3536 20.

130 3567 232 3615 known
244 3565 352 3615 othim.
383 3563 563 3620 divisorum,
578 3563 647 3613 ‘hri-
697 3563 781 3620 9.10.
798 3575 988 3624 nonquam
1016 3561 1180 3611 Cicerodoes

130 3644 195 3704 bery
207 3641 321 3704 agents,'
333 3655 401 3691 vere
410 3641 457 3690 the
469 3653 580 3702 persons
592 3655 646 3689 em-
667 3647 714 3687 not
725 3653 772 3688 use
784 3639 830 3687 the
843 3639 899 3688 limi
912 3652 1009 3701 person
1020 3638 1049 3687 oi
1061 3637 1107 3685 the
1117 3637 1180 3685 verb

130 3717 226 3780 ployed
250 3721 279 3764 to
302 3715 444 3765 distribute
474 3715 520 3763 tire
549 3729 644 3776 money
667 3715 786 3776 nequire,
797 3714 901 3777 though
912 3715 946 3762 he
958 3727 1019 3762 uses
1031 3713 1077 3760 the
1089 3712 1180 3760 others

129 3795 211 3856 given
235 3792 278 3840 ior
301 3795 385 3840 votes.
443 3788 645 3851 deprehensis
666 3790 756 3852 ireeiy.
793 3789 931 3844 omniurn
957 3790 1107 3849 nostrum,
1131 3785 1180 3844 ‘ue

128 3868 281 3940 pecuniis,
305 3881 404 3939 money
427 3866 512 3926 found
542 3867 569 3924 in
599 3831 850 3934 tirelpublicmeu,'
