2838 4380
378 301 431 356 ne.
455 300 546 369 xrn,
572 302 586 369 e
609 301 668 370 aa
691 301 781 370 xm,
806 301 820 370 e
840 306 862 358 1.
1132 286 1196 360 set

104 505 178 548 nem
201 492 315 550 autern
335 483 375 549 de
394 485 496 570 Epiro
513 508 580 549 non
602 487 826 552 inconstantia
843 492 956 551 nostra
972 483 1143 562 afferebat,

99 587 159 654 sed
189 588 281 674 quod
311 587 352 654 de
383 587 496 665 fratre,
520 589 577 654 ubi
606 612 684 655 eurn
707 591 811 655 visuri
841 611 999 666 essemus,
1023 591 1145 656 nesoie

101 693 235 768 bamus3
259 714 359 778 quern
382 693 519 778 quidem
541 715 603 781 ego
627 715 687 759 neo
712 715 779 779 quo
803 692 900 759 modo
924 695 1059 759 visurus
1082 716 1143 760 neo

102 796 158 862 ubi
181 796 379 862 dimissurus
402 798 465 862 sirn
482 798 568 863 seio:
601 797 636 862 id
658 806 711 863 est
733 798 916 862 maximum
943 806 978 862 et
1002 798 1144 863 miserri-
1166 812 1197 858 40

100 922 191 964 mum
207 922 356 966 mearum
370 903 520 966 omnium
540 902 756 967 miseriarum.
803 901 876 988 Ego
899 910 935 966 et
952 903 1084 987 saepius
1101 901 1144 966 ad

100 1013 132 1068 te
149 1012 185 1070 et
199 1006 296 1090 plura
310 1005 500 1083 scriberem,
517 1007 584 1071 nisi
603 1005 686 1069 mihi
705 1005 801 1070 dolor
822 1027 915 1070 meus
936 1027 1013 1070 oum
1029 1027 1143 1072 omnes

99 1116 208 1194 partes
233 1110 364 1187 mentis,
388 1118 462 1174 tum
486 1111 629 1176 maxime
660 1110 761 1175 huius
791 1111 924 1198 generis
947 1108 1144 1176 facultatem

97 1211 295 1279 ademisset:
328 1213 441 1280 videre
472 1222 506 1280 te
537 1215 646 1300 cupio.
693 1214 793 1292 (iura,
818 1222 858 1279 ut
886 1212 1008 1280 valeas.
1054 1215 1143 1281 Data

98 1339 147 1404 pr.
173 1317 248 1382 Kal.
272 1317 379 1384 Maias
406 1317 588 1384 Brundisii.
1038 1357 1040 1364 ·
1165 1335 1197 1382 ei

488 1573 739 1588 a*

570 1757 669 1824 XIV.

485 1933 543 1992 (An
564 1933 636 1979 Fen.
654 1945 710 1980 xrv.
726 1933 762 1990 4.)
1008 1937 1013 1964 t

96 2101 253 2150 TULLIUS
276 2101 304 2148 Β.
328 2101 362 2148 Ι).
387 2100 599 2149 TERENTIAE
633 2101 677 2148 ET
711 2099 873 2148 TULLIAE
900 2101 945 2148 ET
968 2098 1141 2149 CICERONI

578 2189 668 2237 sins

163 2348 234 2434 Ego
249 2348 361 2413 minus
388 2368 486 2433 saepe
510 2345 553 2410 do
577 2345 697 2411 advos
721 2346 863 2423 litteras,
880 2368 981 2431 quarn
1005 2365 1150 2431 possum,
1176 2345 1193 2407 1

96 2459 272 2537 propterea
287 2451 379 2536 quod
394 2473 471 2516 oum
495 2451 606 2514 omnia
630 2450 713 2513 rnihi
736 2458 886 2536 tempora
907 2458 989 2516 sunt
1012 2445 1141 2525 mIsera,

95 2565 169 2620 tum
185 2578 273 2633 vero,
291 2577 368 2620 ourn
392 2563 452 2620 aut
475 2553 584 2619 scribo
600 2553 642 2618 ad
658 2575 717 2619 vos
739 2561 799 2618 aut
815 2561 942 2619 vestras
965 2554 1051 2640 lego,
1067 2573 1143 2631 oon-

92 2759 156 2822 glon
166 2758 194 2807 in
205 2757 342 2821 Illyricum
355 2758 448 2816 (north
458 2757 487 2805 of
496 2753 605 2817 Epirus)
633 2756 687 2816 i.e.,
701 2755 731 2804 of
748 2756 856 2819 writing
872 2755 973 2817 letters,
986 2755 1098 2818 implied
1116 2757 1144 2805 in

94 2839 211 2902 through
234 2839 324 2887 which
346 2838 390 2900 lay
413 2838 459 2886 the
488 2836 551 2885 road
576 2841 606 2885 to
632 2835 743 2893 saepius
798 2867 805 2882 .
835 2867 842 2882 .
866 2832 1010 2882 scriberem
1048 2833 1141 2882 above.

93 2914 365 2978 Cyzicusbywayof
382 2914 549 2963 Macedonia.
632 2907 806 2957 Brundisii:
839 2909 924 2958 ease?
957 2909 1039 2959 What
1066 2908 1144 2958 other

124 2989 227 3038 37-40.
251 2988 404 3038 afferebat
431 2987 483 3051 i:
498 2986 605 3048 offerti:
632 2998 692 3034 ease
707 2985 876 3047 rnighthave
892 2985 960 3034 been
971 2984 1062 3035 used?
1093 2985 1158 3035 See·

92 3067 127 3116 cf.
157 3068 217 3116 erat
244 3066 293 3128 Ep.
320 3066 373 3115 111.
398 3065 438 3114 le
468 3064 522 3113 214.
565 3062 604 3111 de
632 3061 697 3112 Exe.
711 3060 747 3111 V.
763 3062 811 3123 §9-

92 3141 195 3199 fratre,
207 3141 262 3190 ubi
277 3153 383 3200 eume
399 3141 468 3204 good
481 3138 605 3201 example

93 3219 123 3266 of
152 3218 199 3267 the
226 3219 372 3267 attraction
399 3224 428 3267 to
455 3218 503 3267 the
530 3217 605 3264 main
849 3203 928 3254 XIV·

93 3292 183 3344 clause
194 3293 250 3342 oia
263 3293 334 3343 word
346 3294 407 3343 that
418 3292 513 3343 should
526 3291 606 3342 stand
665 3291 901 3342 Inrnonuoroar
912 3293 1008 3343 Norn:
1025 3292 1143 3342 Written

95 3371 122 3418 in
145 3370 193 3418 the
216 3370 391 3419 subordinate
413 3370 516 3420 clause:
533 3368 607 3431 qood
634 3373 661 3418 to
679 3369 721 3418 his
739 3369 810 3428 wile,
824 3369 966 3431 daughter,
980 3370 1035 3420 and
1051 3383 1100 3418 son
1115 3375 1144 3418 at

94 3446 140 3496 ubi
155 3444 277 3506 fratrem
294 3447 381 3496 visuri
402 3459 525 3495 essemus.
544 3495 546 3503 Α
562 3444 613 3516 (Ηρ
634 3445 719 3495 Rome
731 3459 766 3494 on
783 3446 829 3495 the
845 3460 918 3496 same
930 3447 991 3496 date
1006 3446 1060 3496 end
1073 3446 1145 3495 from

94 3523 247 3572 missurus
255 3522 322 3580 sim,
337 3522 390 3571 ‘let
397 3522 456 3571 him
468 3535 501 3584 go
510 3521 604 3584 away,’
633 3523 680 3571 the
697 3536 772 3579 earne
788 3522 905 3583 placeas
918 3525 968 3586 Ep.
982 3524 1076 3583 ΧΙΙΙ.,
1089 3521 1144 3572 and

93 3601 140 3650 the
154 3599 261 3663 regular
273 3599 403 3661 meaning
414 3598 444 3647 oi
455 3599 571 3647 dimitto.
633 3599 756 3661 showing
772 3600 820 3648 the
837 3613 911 3649 same
928 3600 1012 3650 doubt
1028 3598 1083 3648 and
1100 3599 1145 3648 de-

119 3676 222 3726 41-45.
235 3675 363 3737 saepius
371 3677 404 3724 et
411 3673 606 3736 plura‘more
633 3676 797 3738 spondeney.

93 3751 248 3817 frequently
258 3752 312 3802 and
324 3757 354 3802 at
366 3755 474 3815 greater
490 3750 602 3814 length!
664 3753 873 3802 Sermnrron:
901 3751 1068 3808 Tullius,
1096 3751 1145 3799 the

91 3829 184 3880 huius
207 3828 345 3893 generis:
373 3841 410 3878 sc.
439 3827 603 3888 litterarum,
634 3841 748 3878 nomen:
765 3840 809 3876 see
825 3827 891 3876 Ero.
909 3825 971 3884 Ἠ
988 3828 1026 3877 12.
1061 3825 1145 3878 What
