2870 4376
240 318 305 392 4i4
577 328 649 386 rao
672 328 703 386 r.
728 325 854 386 srsmo
878 326 1025 386 calmo.

241 521 269 567 10
291 529 361 584 voe,
384 506 627 583 adulescentes,
655 515 758 592 atque
785 506 847 571 hoc
875 527 949 570 meo
977 507 1048 570 iure
1079 499 1257 590 praecipio,
1281 501 1339 590 qui

293 611 505 699 dignitatem,
530 612 681 697 quirem
710 610 888 694 publicam,
917 611 976 694 qui
1005 610 1146 696 gloriam
1168 610 1339 694 spectatis

294 739 347 793 na,
363 717 494 801 siquae
511 705 571 781 uos
594 715 777 801 aliquando
803 716 984 780 necessitas
1009 713 1052 778 ad
1077 736 1146 779 rem
1170 713 1339 799 publicam

295 831 411 886 contra
433 819 599 904 improbos
622 820 706 884 civis
732 817 978 884 defendendam
1001 818 1143 894 vocabit,
1168 818 1339 904 segniores

294 925 368 989 sitis
399 931 435 988 et
464 923 691 988 recordatione
724 925 789 988 mei
820 944 917 988 casus
948 945 967 987 a
1007 923 1156 988 consiliis
1194 921 1339 987 fortibus

240 1027 481 1115 acserugiam.
527 1026 678 1092 Primum
706 1049 774 1091 non
800 1033 853 1092 est
877 1027 1076 1112 periculum,
1101 1048 1143 1091 ne
1170 1026 1247 1111 quis
1272 1046 1343 1089 um·

241 1149 269 1194 16
291 1153 392 1217 quam
417 1130 546 1196 incidat
561 1131 596 1194 in
613 1131 684 1195 eius
708 1130 799 1194 modi
823 1131 988 1207 consules,
1013 1131 1208 1214 praesertim
1223 1130 1254 1194 si
1278 1138 1343 1194 errt

292 1237 333 1300 iis
364 1235 408 1312 id,
435 1234 527 1320 quod
552 1234 702 1309 debetur.
729 1235 950 1319 persolutum.
998 1233 1130 1299 Deinde
1153 1254 1343 1317 numquam

292 1341 369 1416 iam,
393 1347 432 1403 ut
455 1361 561 1425 spero,
585 1339 767 1423 quisquam
792 1337 968 1423 improbus
992 1339 1131 1403 consilio
1154 1344 1190 1402 et
1212 1337 1344 1402 auxilio

291 1442 456 1508 bonorum
487 1463 523 1507 se
554 1463 749 1528 oppugnare
781 1463 851 1506 rem
882 1439 1051 1527 publicam
1082 1441 1172 1506 dicet
1202 1441 1273 1506 illis
1298 1448 1346 1506 t'a-

137 1547 139 1552 ’
213 1555 269 1608 '20
291 1545 445 1612 centibus
479 1567 540 1610 nec
572 1547 690 1610 armati
721 1548 889 1612 exercitus
921 1555 1081 1612 terrorem
1113 1550 1262 1630 opponet
1298 1553 1348 1610 to

292 1652 401 1738 gatis3
427 1672 537 1734 neque
562 1651 627 1714 erit
643 1652 732 1714 iusta
755 1671 856 1715 causa
879 1649 921 1714 ad
946 1659 1059 1735 portas
1081 1649 1214 1716 sedenti
1241 1650 1350 1734 impe

293 1755 404 1830 reteri,
430 1775 533 1839 quare
566 1774 667 1818 suum
698 1762 857 1818 terrorem
884 1753 970 1818 falso
1000 1754 1117 1819 iactari
1147 1753 1350 1838 opponique

292 1859 449 1944 patiatur.
496 1857 691 1943 Numquam
714 1857 861 1942 denique
892 1859 957 1922 erit
984 1865 1052 1922 tam
1083 1877 1266 1942 oppressus
1302 1879 1354 1924 se

292 1968 402 2037 natus,
434 1969 473 2026 ut
503 1962 532 2026 ci
565 1983 608 2025 ne
639 1960 851 2046 supplicandi
887 1960 1025 2046 quidem
1056 1982 1094 2024 ac
1125 1959 1270 2045 lugendi
1306 1963 1355 2026 sit

239 2079 268 2124 as
291 2072 451 2150 potestas,
468 2072 536 2129 tam
553 2071 672 2149 captus
696 2073 853 2150 equester
869 2064 959 2140 ordo,
977 2074 1017 2128 ut
1039 2065 1172 2148 equites
1195 2063 1354 2130 Romani

292 2191 319 2258 a!
336 2170 474 2236 consule
498 2170 702 2255 relegentur.
750 2167 845 2248 Quae
869 2190 945 2233 curn
973 2169 1085 2232 omnia
1111 2175 1215 2251 atque
1241 2170 1356 2233 etiarn
1415 2257 1416 2260 Ἴ

293 2273 400 2338 multo
416 2273 481 2336 alia
490 2273 624 2349 maiora,
642 2293 727 2356 quae
752 2272 907 2336 consulto
931 2279 1111 2356 praetereo,
1128 2270 1356 2349 accidissent.
1415 2295 1416 2370 ᾗ

292 2375 485 2442 videtismc
503 2377 666 2440 tamenin
692 2397 799 2440 meam
822 2376 998 2464 pristinam
1022 2375 1226 2462 dignitatem
1251 2375 1358 2442 brevi

293 2488 442 2565 tempore
466 2480 590 2544 doloris
614 2480 791 2544 interiecto
821 2479 869 2543 rei
900 2479 1054 2565 publicae
1086 2499 1168 2545 voce
1199 2499 1282 2544 esse
1309 2503 1361 2546 re-

239 2599 270 2646 so
291 2592 459 2650 vocatum.

240 2693 281 2754 53
339 2704 444 2750 xxiv.
470 2686 535 2752 Sed
559 2694 598 2751 ut
622 2695 770 2753 revertar
793 2686 835 2750 ad
852 2686 956 2767 illud,
982 2686 1075 2772 quod
1099 2685 1181 2751 mihi
1212 2686 1252 2750 in
1292 2687 1361 2754 bac

293 2791 383 2855 omni
400 2798 452 2855 est
473 2792 622 2856 oratione
646 2791 864 2877 propositum,
889 2790 1044 2856 omnibus
1067 2791 1163 2855 malis
1180 2790 1243 2854 illo
1261 2813 1362 2858 arino

293 2895 416 2959 scelere
444 2896 621 2960 consulum
651 2919 720 2961 reni
751 2895 919 2980 publicam
952 2917 1024 2960 esse
1055 2893 1259 2971 confectam,
1295 2900 1365 2982 pri·

251 3114 253 3120 ’
291 3118 467 3180 experienced
487 3119 515 3166 in
535 3131 632 3180 person
656 3119 703 3167 the
725 3119 807 3181 grati-
828 3119 888 3169 sion
902 3120 944 3181 (ἓξ
956 3117 1048 3181 36-52)
1062 3124 1091 3168 to
1108 3119 1156 3167 the
1172 3117 1364 3182 inter-rupted

292 3193 397 3243 tudeoi
414 3194 577 3243 tirenation.
829 3195 900 3244 First
926 3195 1084 3258 Digression
1107 3208 1143 3244 on
1161 3193 1248 3244 ·‘Tl1e
1281 3197 1367 3247 Year
1412 3215 1413 3228 ¹

325 3271 390 3332 552.
420 3270 522 3319 15-20.
546 3263 727 3332 periculum,
753 3283 806 3320 ne:
828 3271 878 3321 58!
906 3269 944 3333 (d)
958 3271 1075 3321 Furtber
1088 3270 1367 3323 Unconstitutionai

293 3361 383 3396 aeeon
400 3345 466 3399 Suli.
481 3345 528 3396 ³9.
542 3349 581 3398 41.
617 3347 664 3405 iia,
677 3347 741 3397 Piso
752 3347 805 3397 and
830 3349 896 3397 Acts
908 3348 937 3396 oi
954 3347 1074 3406 Clodius,
1089 3347 1118 3409 ἓξ
1130 3345 1218 3398 58-ῗο.
1411 3343 1413 3418 l

293 3423 438 3473 Gabinius:
463 3424 506 3473 iria
525 3423 613 3473 would
634 3424 703 3474 have
715 3429 807 3473 meant
862 3424 875 3484 ξ
892 3421 997 3472 531-3.
1009 3426 1046 3471 ut
1062 3458 1069 3471 .
1086 3458 1092 3470 .
1109 3457 1116 3470 .
1132 3425 1302 3474 revertar:
1316 3441 1369 3476 ex·
1411 3419 1412 3492 l

293 3499 340 3548 the
359 3498 466 3548 consuis
486 3499 529 3549 ior
547 3501 586 3561 56,
602 3499 733 3549 Lentulus
753 3499 805 3548 and
829 3497 904 3560 plain
912 3498 959 3547 the
971 3497 1069 3548 clause.
1093 3495 1180 3554 illud.
1191 3498 1315 3550 defined
1330 3502 1368 3563 by

293 3574 443 3637 Philippus.
485 3574 526 3633 id,
552 3576 638 3638 quod
667 3575 806 3633 debetur,
830 3574 1131 3624 theciauseomnibus.
1146 3610 1153 3623 .
1167 3609 1175 3623 .
1190 3575 1370 3636 confectam

295 3651 509 3701 ‘theirdeserta’
545 3664 603 3702 nac
617 3652 735 3709 armati,
744 3657 805 3712 etc,
829 3651 922 3700 below.
958 3651 1114 3699 oratione:
1132 3663 1178 3700 see
1190 3663 1229 3700 on
1243 3653 1260 3714 ᾖ
1274 3654 1326 3704 14.
1342 3655 1368 3704 9.

295 3725 361 3775 ‘nor
383 3728 482 3789 parade
504 3727 551 3777 the
579 3729 700 3791 bugbear
721 3727 750 3777 oi
771 3742 806 3776 an
829 3725 1204 3775 maiia...sceIere:notice
1214 3727 1269 3777 tire
1277 3730 1372 3780 three

293 3803 386 3852 amred
404 3816 480 3867 army
498 3804 591 3853 before
608 3803 731 3866 peacefui
750 3804 808 3852 citi·
829 3817 890 3853 uses
902 3804 932 3852 oi
948 3803 996 3853 the
1013 3802 1140 3864 ablativa,
1154 3802 1214 3852 side
1235 3803 1273 3867 by
1290 3806 1371 3857 side.

296 3878 381 3932 zena?
829 3877 977 3942 primum:
994 3893 1038 3930 see
1050 3891 1087 3928 on
1098 3876 1165 3930 suli.
1180 3875 1232 3928 63.
1246 3880 1295 3938 12,
