2876 4378
169 394 171 398 ,
234 313 298 386 540
595 329 667 386 rao
688 331 718 424 e.
742 332 868 388 snsrro
891 333 1038 390 carrio.

286 528 364 571 cum
395 506 476 592 ipsis
506 506 612 572 Nonis
644 507 827 573 Sextilibus
854 509 942 575 idem
970 511 1041 576 dies
1069 506 1236 578 adventus
1261 513 1340 580 mei

247 625 263 672 ⁵
285 609 407 675 fuisset
428 611 623 696 reditusque
648 613 778 689 natalis,
795 613 882 677 idem
906 616 1094 680 carissimae
1116 616 1213 693 filiae,
1231 639 1340 702 quam

286 736 329 779 ex
358 716 554 802 gravissimo
585 723 659 782 tum
690 717 834 800 primum
866 717 1031 784 desiderio
1062 720 1227 806 luctuque
1260 745 1343 787 con-

285 821 392 903 spexi,
419 818 507 884 idem
538 819 638 884 etiam
664 820 769 904 ipsius
801 821 949 887 coloniae
982 823 1215 902 Brundisinae,
1243 827 1342 892 idem

286 921 422 1000 Salutis,
438 945 583 1008 cumque
608 945 660 988 me
682 922 800 988 domus
824 924 938 990 eadem
970 935 1183 1011 optumorum
1207 938 1242 995 et
1261 930 1343 996 doe-

286 1026 491 1090 tissimorum
530 1028 687 1103 virorum,
720 1028 767 1091 M.
800 1029 905 1094 Laeni
947 1030 1059 1096 Flacci
1093 1041 1129 1100 et
1157 1035 1263 1119 patris
1302 1042 1343 1100 et

235 1148 264 1194 ro
284 1130 398 1195 fratris
421 1131 502 1207 eiuS,
530 1131 711 1196 laetissima
736 1134 929 1218 accepisset,
954 1157 1039 1219 quae
1066 1140 1219 1223 proximo
1246 1161 1341 1204 anno

286 1257 435 1306 maerens
461 1242 632 1320 receperat
654 1244 689 1300 et
711 1258 773 1302 suo
796 1237 963 1321 praesidio
987 1243 1204 1327 periculoque
1221 1243 1342 1309 defen-

214 1325 216 1330 ’
288 1340 391 1404 derat.
439 1339 589 1404 Cunctae
613 1340 733 1405 itinere
759 1347 831 1404 toto
859 1342 958 1408 urbes
988 1344 1106 1410 Italiae
1133 1345 1238 1412 festos
1263 1348 1341 1413 dies

215 1447 218 1454 '
285 1439 383 1530 a‘gere
403 1443 569 1509 adventus
592 1445 657 1508 mei
674 1445 886 1523 videbantur,
905 1449 979 1514 viae
1005 1451 1222 1518 multitudine
1248 1453 1342 1540 lega·

287 1558 399 1614 torum
436 1547 587 1632 undique
626 1549 804 1614 missorum
845 1555 1105 1632 celebrabantur,
1138 1555 1181 1619 ad
1218 1557 1341 1622 urbem

234 1671 261 1716 15
284 1675 436 1718 accessus
467 1651 653 1716 incredibili
694 1655 869 1721 hominum
907 1659 1125 1724 multitudine
1159 1667 1193 1725 et
1223 1671 1343 1747 gratu·

285 1758 410 1822 latione
438 1755 586 1832 florebat,
609 1757 673 1821 iter
700 1780 719 1822 a
743 1768 848 1844 porta,
873 1763 909 1825 in
937 1738 1153 1847 Capitoliumx
1167 1785 1343 1843 ascensus

285 1863 421 1928 domum
446 1861 575 1927 reditus
599 1871 670 1926 erat
695 1866 767 1930 eius
798 1866 897 1943 modi,
924 1876 964 1931 ut
988 1889 1118 1932 summa
1138 1869 1174 1931 in
1204 1868 1342 1934 laetitia

284 1966 371 2031 illud
386 1966 543 2042 dolerem,
560 1967 735 2032 civitatem
750 1977 819 2034 tam
835 1979 965 2057 gratam
982 1980 1050 2035 tam
1066 1973 1220 2036 miseram
1232 1981 1341 2058 atque

232 2084 261 2130 19
282 2093 471 2158 oppressam
488 2070 604 2136 fuisse.
684 2158 687 2163 Ι

212 2176 269 2239 132
321 2177 435 2242 Habes
467 2178 582 2263 igitur,
620 2175 712 2261 quod
750 2199 790 2242 ex
829 2200 881 2244 me
918 2181 1090 2265 quaesisti,
1123 2181 1183 2264 qui
1221 2191 1342 2246 essent

284 2289 484 2367 optumates.
517 2281 620 2345 -Non
654 2289 706 2346 est
739 2283 872 2359 ‘natio’
905 2291 945 2348 ut
975 2284 1116 2360 dixisti3
1149 2283 1240 2369 quod
1272 2307 1341 2371 ego

286 2386 425 2451 verbum
442 2386 586 2472 agnovi3
611 2393 663 2450 est
678 2387 768 2450 enim
786 2386 923 2463 illius,a
947 2410 1013 2472 quo
1039 2410 1107 2451 uno
1132 2389 1277 2452 maxime
1295 2389 1340 2452 P.

284 2489 414 2556 Sestius
444 2512 478 2555 se
511 2492 698 2577 oppugnari
730 2491 833 2567 videt,
866 2492 1009 2557 hominis
1040 2494 1122 2568 eius,
1155 2493 1214 2576 qui
1248 2492 1340 2559 hane

287 2593 493 2659 ‘nationem'
510 2594 614 2686 deleri
638 2603 673 2659 et
696 2595 826 2660 concidi
851 2597 991 2681 cupivit,
1009 2597 1066 2680 qui
1088 2595 1126 2660 O.
1144 2595 1339 2673 Caesarem,

229 2714 259 2760 25
281 2699 397 2763 mitem
421 2698 588 2762 hominem
612 2705 648 2762 et
675 2720 694 2762 a
717 2700 817 2764 caede
843 2700 1084 2776 abhorrentem,
1108 2721 1205 2785 saepe
1229 2700 1342 2766 incre·

313 2954 376 3004 4-8
392 2953 423 3002 N
431 2955 526 3012 onis,
544 2954 596 3004 abl.
611 2955 641 3003 oi
658 2955 733 3016 time,
746 2955 796 3005 but
821 2954 917 3020 ‘along
929 2958 975 3006 the
987 2956 1075 3006 whole
1087 2956 1172 3018 wayz’
1191 2955 1235 3005 ior
1253 2957 1341 3008 omis-

281 3036 366 3082 trans.
379 3043 410 3080 as
421 3031 598 3091 nominative,
612 3031 724 3093 making
736 3031 794 3080 dies
817 3034 875 3082 sion
899 3033 928 3082 oi
945 3047 1018 3094 prep.
1038 3047 1082 3081 see
1100 3045 1136 3080 on
1148 3030 1246 3091 Italia,
1261 3032 1333 3083 Sull.

281 3109 429 3171 predicate:
443 3107 538 3156 ‘Since
550 3107 597 3156 the
609 3107 670 3155 iiith
680 3107 709 3157 of
721 3107 794 3169 Aug·
816 3109 862 3157 42.
881 3111 904 3159 6.
947 3109 1111 3165 adventus,
1131 3121 1191 3170 gen.
1214 3108 1339 3171 modify-

280 3185 398 3234 nst'had
418 3184 487 3233 been
510 3188 538 3232 at
560 3184 608 3232 the
631 3197 704 3232 same
726 3184 793 3232 time
816 3187 863 3249 ing
885 3187 950 3235 dies.
997 3184 1138 3244 florebat,
1163 3183 1233 3234 ‘was
1264 3185 1339 3234 hon-

282 3259 376 3323 (a'dem)
389 3261 436 3310 the
445 3260 619 3322 anniversary
628 3259 657 3308 oi
669 3273 714 3321 my
721 3272 793 3308 com·
814 3261 896 3311 ored!
933 3261 1067 3316 domum,
1086 3259 1158 3308 limlt
1174 3259 1203 3308 oi
1223 3261 1337 3310 motion

280 3337 336 3400 ing,
358 3337 372 3386 I
391 3350 472 3385 mean
494 3336 524 3385 of
549 3350 595 3398 my
614 3340 717 3397 return,
738 3336 791 3384 and
814 3337 942 3386 aiterthe
955 3336 1044 3386 verbal
1058 3349 1132 3385 noun
1150 3334 1276 3384 reditus:
1294 3336 1335 3385 ct.

282 3412 376 3475 (idem)
389 3413 436 3462 the
450 3410 600 3474 [birtlrday]
614 3412 643 3461 oi
660 3425 715 3474 my,
728 3411 789 3461 eto!
814 3411 889 3462 Caes.
905 3413 926 3462 I.
939 3413 965 3460 ⁵.
977 3413 1000 3462 3.
1038 3412 1097 3461 The
1108 3411 1194 3460 house
1211 3410 1336 3462 referred

280 3501 369 3550 -qner
391 3502 435 3538 see
453 3503 488 3537 on
508 3490 542 3548 et,
556 3488 568 3545 ξ
581 3489 620 3536 55.
635 3489 657 3537 8.
694 3487 791 3536 filiae:
813 3493 842 3538 to
859 3503 915 3538 was
936 3489 978 3537 his
1003 3487 1127 3549 father’s,
1146 3486 1279 3548 occupied
1303 3494 1336 3537 at

280 3564 508 3615 scdc'esaalalts.
529 3563 692 3621 ex,‘after.’
707 3563 791 3612 eolo·
813 3565 860 3614 the
899 3564 965 3613 time
1003 3564 1038 3626 by
1077 3562 1204 3624 Quintus.
1264 3565 1336 3611 tam

279 3641 356 3699 niae,
365 3639 498 3690 Salutis:
511 3654 555 3690 see
566 3654 601 3689 on
615 3641 664 3702 Ep.
679 3639 789 3688 XXIII.
813 3641 944 3699 gratam:
956 3639 999 3688 ior
1009 3639 1055 3687 the
1067 3638 1185 3702 thought
1197 3635 1231 3687 cf.
1243 3637 1257 3696 ς
1271 3638 1332 3689 122.

279 3715 412 3777 QQQ.
813 3715 875 3764 ffli

312 3791 393 3842 9-18.
419 3791 580 3841 M.1.aeni
602 3791 724 3840 Placet:
747 3805 791 3840 see
844 3789 931 3848 5132.
956 3791 1001 3839 22.
1025 3791 1116 3849 iliius,
1139 3791 1170 3840 P.
1185 3789 1332 3854 Vatinius

279 3867 330 3938 Ep.
339 3867 421 3920 XIII.
430 3867 485 3920 Int.
496 3867 575 3920 Note.
594 3867 705 3918 itinere
712 3870 790 3927 toto,
812 3865 859 3918 the
871 3868 945 3920 chief
961 3868 1072 3920 witness
1084 3867 1192 3937 against
1208 3867 1331 3925 Sestius.
