2954 4374
248 307 311 379 tas
586 323 656 377 ruo
680 322 709 378 n.
735 322 894 378 nunnus
918 327 1066 378 caurio.

293 522 369 567 esse
406 499 496 584 apud
534 498 701 563 hominem
735 508 944 566 constantem
979 499 1174 586 ignoscendi
1213 498 1345 575 locum;

247 621 275 666 2¹5
298 606 408 689 ipsum
433 605 616 688 sapientem
643 626 741 689 saepe
769 605 898 689 aliquid
925 606 1062 689 opinari,
1089 604 1181 690 quod
1208 606 1345 680 nesciat,

299 709 395 772 irasci
418 730 485 772 non
511 729 704 792 numquam,
722 710 853 773 exorari
877 709 1021 780 eundem
1047 718 1082 772 et
1104 709 1237 793 placari,
1255 709 1347 794 quod

299 811 431 887 dixerit,
460 811 639 888 interdum,
667 814 696 876 si
727 815 775 876 ita
806 815 928 878 rectius
959 815 1013 889 sit,
1042 821 1180 889 mutare,
1210 813 1251 878 de
1275 835 1348 879 sen·

299 917 404 980 tentia
420 915 578 982 decedere
596 916 799 1001 aliquand03
825 919 931 982 omnis
956 919 1099 982 virtutes
1116 917 1346 982 mediocritate

248 1019 442 1104 64quadam
469 1043 539 1086 esse
566 1020 767 1084 moderatae.
813 1037 919 1084 xxxi.
954 1021 1024 1086 Hos
1048 1022 1089 1085 ad
1114 1023 1291 1107 magistros
1317 1022 1347 1086 si

299 1147 366 1208 qua
382 1132 414 1188 te
439 1124 584 1200 fortuna,
599 1124 693 1201 Cato,
708 1147 785 1190 cum
801 1126 866 1189 ista
882 1134 1001 1190 natura
1018 1122 1205 1201 detulisset,
1222 1147 1289 1190 non
1306 1133 1345 1191 tu

298 1227 435 1312 quidem
458 1229 510 1292 vir
531 1230 648 1294 melior
671 1251 759 1294 esses
787 1251 848 1294 nec
876 1229 994 1294 fortior
1019 1252 1080 1294 nec
1107 1232 1349 1314 temperantior

299 1354 359 1397 nec
375 1333 494 1397 iustior
511 1335 639 1418 (neque
659 1335 749 1398 enim
772 1355 843 1398 esse
860 1337 987 1419 potes),
1003 1334 1062 1399 sed
1086 1335 1185 1420 paulo
1201 1335 1244 1398 ad
1267 1335 1349 1400 leni·

170 1422 173 1428 ’
261 1445 399 1500 statem
425 1438 629 1521 propensior.
675 1437 752 1500 Non
776 1459 948 1509 accusares
973 1439 1074 1502 nullis
1098 1438 1264 1503 adductus
1287 1440 1348 1502 ini-

299 1541 442 1618 micitiis,
456 1541 550 1604 nulla
561 1542 736 1606 lacessitus
751 1543 873 1607 iniuria
886 1542 1165 1626 pudentissimum
1178 1543 1346 1608 hominem

298 1666 428 1709 summa
450 1644 615 1732 dignitate
639 1653 742 1732 atque
762 1647 936 1711 honestate
961 1647 1168 1732 praeditum
1200 1656 1347 1732 putares,

298 1770 375 1813 cum
400 1750 436 1812 in
462 1749 612 1815 eiusdem
635 1752 715 1816 anni
743 1750 896 1816 custodia
923 1760 956 1820 te
980 1760 1082 1836 atque
1108 1751 1144 1814 L.
1170 1752 1348 1816 Murenam

299 1853 433 1917 fortuna
452 1855 628 1938 posuisset,
647 1855 761 1939 aliquo
785 1863 817 1919 tc
842 1878 917 1919 cum
944 1855 1004 1919 hoc
1029 1857 1075 1920 rei
1100 1856 1252 1940 publicae
1277 1858 1349 1920 vin-

248 1973 277 2017 io
298 1959 374 2022 culo
390 1980 462 2023 esse
481 1959 716 2034 coniunctum3
741 1959 832 2044 quod
848 1961 1005 2024 atrociter
1021 1961 1054 2022 in
1077 1968 1196 2024 senatu
1219 1959 1347 2036 dixisti,

297 2070 358 2126 aut
379 2084 447 2127 non
470 2061 612 2127 dixisses
635 2071 705 2139 aut,
722 2065 750 2126 si
774 2065 950 2147 posuisses,
971 2065 1135 2136 mitiorem
1160 2065 1193 2126 in
1219 2073 1348 2148 partem

248 2168 562 2252 65irrterpretarere.
609 2168 661 2232 Ac
693 2176 724 2234 te
756 2169 874 2253 ipsum,
906 2176 1073 2253 quantum
1100 2190 1162 2254 ego
1190 2170 1347 2254 opinione

297 2294 453 2358 auguror,
478 2294 567 2337 nunc
591 2282 626 2338 et
648 2274 750 2338 animi
774 2272 920 2357 quodam
944 2275 1071 2358 impetu
1091 2274 1298 2338 concitatum
1313 2283 1349 2339 et

299 2374 486 2437 vincturae
506 2381 609 2459 atque
632 2370 760 2460 ingenii
781 2374 907 2438 elatum
923 2381 958 2438 et
982 2373 1170 2438 recentibus
1196 2395 1349 2458 praecep
1449 2391 1451 2394 ·

248 2491 275 2535 15
299 2486 408 2541 torum
427 2477 548 2542 studiis
571 2476 769 2564 flagrantem
792 2479 857 2542 iam
883 2499 964 2542 usus
985 2469 1111 2554 flectet,
1137 2477 1207 2542 dies
1232 2478 1347 2553 leniet,

298 2588 389 2646 aetas
412 2581 589 2668 mitigabit.
636 2582 770 2646 Etenim
791 2583 847 2646 isti
871 2583 934 2666 ipsi
958 2582 1039 2645 mihi
1062 2581 1222 2647 videntur
1244 2583 1348 2648 vestri

299 2694 528 2771 praeceptores
552 2694 587 2750 et
603 2687 738 2750 virtutis
759 2688 909 2774 magistri
932 2687 1014 2752 fines
1038 2686 1221 2751 officiorum
1245 2688 1348 2772 paulo

330 2963 376 3021 28,
383 2964 428 3013 29.
443 2963 662 3014 mediocritate
671 2963 812 3025 quadam,
865 2965 891 3016 8.
908 2965 941 3022 in
959 3003 965 3015 .
984 3001 990 3013 .
1007 3001 1013 3013 .
1031 2965 1185 3022 custodia,
1196 2964 1348 3028 ‘inenarge

301 3038 406 3100 ‘meam
424 3055 453 3090 so
472 3047 500 3088 to
519 3040 621 3102 speak.'
657 3041 769 3101 quidam
790 3043 812 3090 is
832 3043 880 3105 ol‚'
897 3043 941 3093 ‘to
955 3043 1042 3092 watclr
1060 3041 1141 3093 over.’
1178 3041 1247 3090 Cato
1260 3041 1346 3091 would

300 3115 453 3177 frequently
474 3116 537 3165 used
562 3123 590 3166 to
614 3116 730 3166 indicate
753 3117 812 3165 that
834 3120 865 3168 be
882 3119 991 3168 tribune
1010 3116 1035 3179 (5
1047 3119 1087 3176 58.
1101 3117 1127 3178 dl
1144 3117 1243 3179 during
1261 3117 1348 3166 Mure-

300 3191 346 3239 the
359 3191 430 3240 word
451 3198 479 3241 to
497 3193 586 3242 which
605 3195 626 3241 it
646 3194 666 3241 is
685 3192 811 3243 attached
833 3194 893 3246 na's
904 3193 1070 3255 consulship.

296 3266 363 3315 does
376 3272 423 3315 not
435 3268 509 3328 quite
521 3281 629 3330 express
641 3268 688 3316 the
699 3266 812 3316 writer's
864 3269 909 3318 11.
926 3269 1095 3331 posuisses,
1120 3266 1273 3328 ‘asserted'
1304 3266 1345 3316 lit.

301 3343 435 3405 meaning,
448 3344 502 3392 and
520 3350 549 3394 to
566 3345 655 3393 solten
673 3358 689 3392 a
705 3343 768 3394 bold
783 3358 813 3392 or
834 3344 905 3396 ‘laid
937 3345 1036 3406 down,’
1066 3358 1096 3392 as
1123 3357 1140 3391 a
1168 3342 1345 3405 proposition.

214 3437 216 3442 ·
301 3420 415 3468 unusual
430 3434 476 3468 use
494 3422 523 3470 ol
540 3420 679 3483 langnage.
715 3421 811 3470 Seeon
833 3420 995 3476 mitiorem,
1012 3425 1074 3480 etc,
1090 3418 1159 3480 ‘yon
1173 3417 1260 3466 would
1277 3417 1347 3466 have

300 3494 322 3544 Ι.
344 3494 440 3545 laea.
477 3498 549 3546 Here
573 3498 667 3547 Cicero
690 3498 812 3546 attaclres
833 3502 882 3558 put
899 3511 915 3545 a
933 3495 1029 3544 milder
1045 3494 1253 3557 interpretation
1273 3506 1346 3555 upon

299 3576 328 3618 to
350 3572 527 3622 mediocritas
555 3573 602 3620 the
630 3572 690 3620 idea
713 3572 742 3620 oi
764 3585 813 3620 our
833 3571 873 3634 lt,’
891 3572 980 3622 would
999 3576 1047 3620 not
1066 3572 1136 3619 have
1156 3569 1260 3632 pushed
1280 3569 1302 3618 it
1318 3574 1348 3618 to

302 3644 413 3706 ‘golden
435 3647 533 3696 mean’
833 3654 972 3696 extremes.

865 3723 936 3784 §aa
955 3721 1001 3769 1⁵.
1018 3721 1086 3777 iam,
1122 3718 1345 3782 ‘presently‚'

333 3797 398 3859 §dt
417 3797 443 3845 3.
461 3797 593 3859 quidem,
608 3798 770 3859 concessive,
783 3811 813 3846 as
835 3797 935 3859 ‘soon,’
950 3797 985 3846 its
996 3809 1120 3845 common
1140 3795 1268 3858 meaning
1280 3795 1347 3843 wlth

299 3875 383 3925 often,
419 3874 623 3925 cf.11.10.2o.
833 3873 1047 3922 aluturetense.
