2870 4376
257 263 321 334 456
606 279 679 333 rao
702 281 731 332 r.
754 279 880 333 suario
903 279 1051 332 omaro.

257 526 260 530 ⁴
311 475 426 539 preces
441 454 620 538 aspernari,
634 453 760 519 civium
776 452 921 538 denique
937 443 1087 518 omnium
1104 452 1200 519 novis
1217 460 1257 518 et
1271 452 1362 518 inau-

222 539 227 552 ⁸
258 574 287 619 at
310 557 389 623 ditis
404 557 524 623 edictis
541 559 594 622 ius
610 557 868 642 libertatemque
886 558 1100 644 pervertere?

258 665 296 726 31
354 662 429 726 Etsi
445 684 496 726 me
512 663 746 727 attentissimis
761 663 880 726 animis
897 685 1028 726 summa
1049 684 1126 726 cum
1148 661 1362 748 benignitate

310 764 446 842 auditis
467 764 604 842 iudices,
628 773 741 830 tamen
768 786 893 842 vereor,
921 787 962 830 ne
991 766 1068 850 quis
1096 765 1182 830 forte
1208 773 1363 830 vestrum

311 871 461 946 miretur,
478 869 561 954 quid
577 870 657 934 haec
674 892 746 934 mea
769 871 874 934 oratio
897 877 966 934 tarn
989 870 1090 956 longa
1114 876 1175 933 aut
1198 877 1272 933 tarn
1298 871 1363 934 alte

268 1044 269 1047 Ἴ
311 975 453 1058 repetita
469 974 561 1049 velit,
578 980 639 1037 aut
658 972 741 1058 quid
764 973 806 1037 ad
831 973 868 1035 Ρ.
886 973 975 1037 Sesti
998 995 1133 1038 causam
1155 995 1287 1050 eorum,
1306 975 1365 1059 qui

257 1093 288 1139 ao
309 1086 387 1143 ante
403 1078 504 1142 huius
521 1078 730 1143 tribunatum
754 1099 822 1142 rem
847 1078 1015 1163 publicam
1038 1085 1218 1154 vexarunt,
1236 1077 1365 1143 delicta

303 1184 511 1268 'pertineant
558 1181 645 1246 Mihi
661 1190 775 1248 autern
790 1181 852 1246 hoc
870 1184 1078 1268 propositum
1095 1189 1147 1246 est
1170 1182 1364 1258 ostendere,

311 1288 423 1352 omnia
446 1287 586 1352 consilia
612 1287 650 1349 P.
678 1285 765 1352 Sesti
796 1295 1009 1371 mentemque
1035 1288 1140 1351 totius
1167 1285 1365 1352 tribunatus

310 1391 395 1456 hanc
411 1389 526 1467 fuisse,
539 1398 579 1454 ut
593 1389 747 1456 adflictae
771 1399 805 1455 et
830 1390 978 1475 perditae
1003 1378 1051 1454 rei
1074 1390 1240 1476 publicae,
1259 1413 1367 1475 quan-

311 1503 383 1559 tum
399 1501 521 1579 posset,
536 1493 735 1560 mederetur.
781 1495 833 1558 Ac
846 1495 874 1558 si
890 1496 924 1558 in
941 1494 1149 1580 exponendis
1162 1495 1366 1560 vulneribus

252 1615 287 1660 «³5
309 1600 377 1664 illis
392 1598 434 1664 de
451 1621 502 1664 me
520 1601 591 1684 ipso
608 1601 705 1685 plura
722 1599 830 1664 dicere
849 1599 995 1675 videbor,
1013 1601 1225 1686 ignoscitote.
1277 1599 1366 1664 Nam

310 1709 345 1768 et
360 1704 452 1767 illam
468 1725 575 1768 meam
591 1702 720 1768 cladem
733 1703 792 1768 vos
809 1710 844 1768 et
858 1725 972 1768 omnes
989 1702 1066 1768 boni
1084 1704 1272 1767 maximum
1290 1727 1366 1770 esse

310 1808 358 1872 rei
373 1807 526 1892 publicae
542 1808 667 1873 vulnus
684 1807 867 1884 iudicastis,
881 1814 916 1872 et
932 1808 970 1870 P.
985 1806 1113 1872 Sestius
1129 1815 1181 1872 est
1197 1829 1279 1872 reus
1296 1831 1368 1874 non

308 1934 381 1988 suo,
397 1911 456 1976 sed
472 1934 546 1977 meo
562 1914 717 1988 nomine;
742 1913 802 1997 qui
826 1934 903 1976 cum
928 1933 1061 1976 ornnem
1085 1913 1156 1977 vim
1178 1913 1231 1976 sui
1261 1913 1369 1978 tribu-

310 2024 410 2080 natus
436 2017 471 2079 in
497 2038 569 2082 mea
596 2018 705 2082 salute
733 2017 990 2101 consumpserit,
1015 2037 1150 2081 necesse
1175 2024 1227 2080 est
1254 2039 1368 2082 meam

256 2135 287 2180 40
308 2141 441 2184 oausam
468 2122 639 2205 praeteriti
663 2121 820 2205 temporis
844 2142 920 2184 oum
937 2120 1036 2184 huius
1061 2121 1229 2205 praesenti
1248 2120 1368 2187 defen-

309 2225 401 2289 sione
418 2246 489 2289 esse
506 2225 729 2290 coniunctam.
1049 2212 1053 2218 ⁴

256 2330 297 2393 32
350 2346 427 2392 xrv.
453 2329 536 2392 Erat
552 2328 657 2414 igitur
677 2330 712 2392 in
736 2329 831 2393 luctu
856 2335 1011 2404 senatus3
1036 2328 1214 2413 squalebat
1237 2330 1367 2395 civitas

156 2428 158 2432 ’
223 2493 224 2497 ,
309 2432 445 2518 publico
457 2432 596 2496 consilio
609 2441 702 2497 veste
716 2442 846 2497 mutata
859 2457 866 2508 ;
889 2433 1022 2497 nullum
1035 2439 1107 2499 erat
1119 2433 1239 2497 ltaliae
1254 2437 1370 2499 muni-

309 2537 445 2620 cipium,
471 2537 565 2599 nulla
588 2537 728 2612 colonia,
748 2536 843 2599 nulla
866 2535 1088 2620 praefectura,
1113 2536 1208 2622 nulla
1233 2537 1369 2604 Romae

338 2691 384 2748 24,
401 2687 450 2743 25.
480 2690 573 2740 novis
601 2694 634 2740 et
661 2691 819 2746 inauditis,
842 2705 885 2740 see
898 2705 933 2740 on
947 2691 998 2740 III.
1013 2690 1059 2739 23.
1075 2694 1098 2740 2.
1134 2703 1204 2740 meo
1223 2695 1370 2752 nomine,

307 2767 336 2816 in
364 2769 410 2816 the
441 2781 501 2816 case
532 2768 560 2816 of
589 2769 659 2819 ciues
683 2768 818 2819 Romani:
841 2767 896 2829 i.e.,
915 2768 962 2824 the
979 2767 1083 2828 alleged
1102 2767 1236 2816 unlawful
1257 2777 1324 2820 acts
1343 2773 1371 2821 oi

252 2893 253 2896 ,
307 2855 409 2890 aeeon
433 2842 447 2901 ᾗ
470 2843 510 2890 29.
536 2841 575 2890 32.
621 2841 670 2889 ius
694 2841 819 2890 liberta-
841 2844 943 2893 Sestius
951 2858 1019 2893 were
1027 2843 1180 2906 performed
1189 2844 1233 2893 ior
1242 2845 1372 2898 Cicero’s

307 2921 440 2978 temque,
453 2931 515 2980 e.g.,
535 2919 563 2966 in
581 2918 627 2967 the
645 2917 819 2966 banishment
841 2921 914 2980 sake,
938 2926 988 2970 not
1010 2921 1053 2969 his
1076 2934 1145 2969 own.
1194 2921 1373 2981 praeteriti

307 2994 337 3043 of
354 2993 457 3050 Lamia.
631 3051 633 3056 ¹
840 2997 1005 3057 temporis:
1023 2997 1067 3045 for
1078 3010 1138 3046 case
1155 2996 1210 3044 and
1229 3002 1374 3068 meaning

303 3129 305 3134 Ι
340 3066 352 3124 i
376 3068 415 3118 31.
447 3069 540 3118 Cicero
563 3070 651 3119 shows
675 3070 736 3118 that
764 3070 819 3118 this
841 3072 877 3121 cf.
891 3073 940 3134 Ep.
955 3072 1067 3122 XXIII.
1082 3073 1108 3121 2.
1121 3074 1160 3122 16.

307 3144 456 3207 digression
470 3146 491 3194 is
504 3146 641 3208 pertinent
653 3150 682 3195 to
695 3148 742 3195 the
759 3159 819 3194 case

307 3222 337 3270 of
353 3222 464 3272 SestIus.
522 3271 523 3276 ,
873 3220 937 3278 ξ32.
962 3221 1025 3271 1-3.
1049 3223 1150 3285 igitur,
1178 3230 1373 3290 resunrptive,

339 3296 440 3346 28-34.
469 3301 534 3346 tam
571 3297 634 3346 alte
676 3298 818 3359 repetita,
841 3300 964 3363 carrying
977 3300 1022 3350 the
1035 3300 1153 3362 thought
1166 3299 1241 3349 back
1253 3309 1286 3352 to
1302 3306 1318 3366 ᾗ
1333 3306 1373 3357 2Ἷ.

310 3373 407 3438 ‘going
418 3390 447 3424 so
460 3376 502 3424 far
514 3375 601 3425 back.’
637 3379 710 3424 ante
722 3375 819 3425 tribu·
841 3375 952 3424 Italiae
964 3377 1086 3425 modifies
1099 3377 1144 3426 the
1162 3377 1245 3426 three
1259 3379 1376 3432 follow-

307 3454 429 3499 natum:
451 3452 555 3502 Sestius
580 3451 690 3501 became
711 3451 819 3501 tribune
842 3453 888 3515 ing
907 3453 1088 3502 nominatives
1106 3467 1135 3502 as
1157 3453 1266 3504 Romae
1291 3456 1327 3520 (l.
1348 3458 1375 3520 3)

308 3527 372 3590 only
385 3528 461 3578 three
473 3529 562 3577 weeks
581 3528 672 3578 before
691 3529 737 3577 the
757 3542 819 3577 con·
842 3529 963 3578 rnodities
976 3530 1046 3578 four.
1083 3529 1205 3586 civitae,
1220 3519 1294 3582 ¹‘the
1314 3537 1377 3584 citi-

308 3603 454 3666 sulshipoi
471 3605 534 3654 Piso
552 3605 605 3653 and
625 3605 758 3654 Gabinius
775 3619 820 3653 ex·
842 3605 932 3654 zens:’
954 3606 1017 3654 here
1039 3605 1067 3653 in
1090 3606 1137 3654 the
1159 3605 1264 3656 earlier
1292 3624 1377 3660 sense

307 3680 391 3743 pired.
433 3680 618 3737 mederetur,
642 3685 691 3730 not
713 3695 748 3730 an
772 3696 820 3730 nn-
842 3680 949 3743 applied
971 3687 1000 3730 to
1025 3681 1157 3730 residente
1177 3681 1207 3731 of
1235 3685 1291 3734 the
1320 3689 1378 3751 city

308 3767 434 3806 common
445 3756 601 3818 metaphor:
619 3756 653 3805 ef.
669 3755 817 3806 11.1⁷.1o.
842 3759 913 3820 only.
960 3757 1171 3819 municipium,
1214 3761 1377 3813 colonia:

289 3883 292 3891 ,
341 3831 442 3880 35-40.
466 3833 671 3894 ignoscitote:
690 3834 733 3882 for·
749 3834 819 3882 form
843 3847 935 3882 aeeon
948 3833 1113 3895 11.24.a,9.
1143 3834 1375 3894 praefectura·
