2876 4378
490 328 570 381 cnr.
599 331 653 392 ι-ι,
678 329 691 392 s
715 329 769 381 ι-ι.
1131 312 1196 383 555

93 519 197 577 arma,
224 491 447 578 centuriones„
470 502 623 567 cohortes
649 524 716 566 non
741 502 928 586 periculum
954 502 1061 578 nobie,
1084 501 1144 568 sed

94 605 300 690 praesidium
332 605 544 682 denuntiant,
577 628 686 690 neque
717 607 825 670 solum
859 615 898 671 ιιι
927 607 1053 691 quiete,
1084 606 1144 671 sed

94 711 197 774 etiarn
230 717 270 773 ιιι
294 731 415 796 magno
440 711 551 774 animo
579 711 684 774 simus
712 710 891 775 hortantur
915 732 1027 796 neque
1053 711 1146 776 auxi·
1168 727 1197 771 aa

94 815 178 877 lium
206 812 304 878 modo
335 812 523 878 defensioni
556 835 658 890 meae,
691 836 807 879 verum
840 815 940 878 etiam
970 815 1143 880 silentium

95 918 308 1003 pollicentur.
355 919 500 1002 Reliqua
517 940 597 982 vero
615 917 808 994 multitudo,
827 939 912 1003 quae
933 918 1068 1002 quidem
1092 928 1144 983 est

12 1092 15 1100 ,
95 1022 232 1097 civium,
250 1029 321 1086 tota
346 1029 459 1086 nostra
487 1029 548 1097 est,
571 1009 681 1105 neque
706 1043 822 1086 eornm
849 1023 1037 1106 quisquam,
1058 1044 1142 1108 quos

96 1124 247 1209 undique
264 1127 437 1202 intuentis,
456 1125 544 1190 unde
570 1126 685 1210 aliqua
708 1124 772 1189 lori
795 1147 869 1210 pars
894 1127 996 1210 aspici
1019 1135 1140 1211 potest,

95 1239 131 1294 et
154 1229 254 1293 huius
283 1230 413 1294 exitum
440 1229 557 1294 iudicii
584 1231 795 1314 expectantis
820 1227 953 1304 videtis,
979 1253 1044 1294 non
1069 1253 1145 1295 curn
1169 1247 1198 1290 3ο

95 1335 217 1398 virtuti
256 1333 393 1398 Milonis
428 1333 531 1409 iavet,
564 1341 638 1397 tum
676 1333 716 1397 de
751 1355 797 1406 se,
836 1333 877 1397 de
917 1334 1029 1398 liberis
1060 1337 1140 1409 suis,

95 1439 137 1503 de
169 1440 286 1522 patria,
311 1438 352 1503 de
385 1437 530 1503 fortunis
562 1438 722 1503 hodierno
753 1438 807 1516 die
838 1439 1001 1504 decertari
1036 1449 1142 1524 putat.

95 1561 135 1606 11.
159 1543 273 1607 Unum
284 1565 392 1629 genus
403 1550 455 1608 est
469 1542 647 1607 adversum
661 1542 891 1627 infestumque
908 1544 1002 1608 nobis
1018 1567 1143 1616 eorum,

97 1667 181 1730 quos
213 1645 252 1708 P.
285 1646 383 1710 Clodi
408 1646 502 1711 furor
525 1648 650 1732 rapinis
674 1655 709 1711 et
739 1646 902 1712 incendiis
927 1657 961 1712 et
987 1649 1141 1714 omnibus

96 1750 210 1814 exitiis
226 1750 369 1835 publicis
388 1751 500 1835 pavit3
528 1752 588 1835 qui
611 1750 767 1815 hesterna
790 1752 889 1816 etiam
914 1754 1070 1817 contione
1095 1755 1143 1817 in-

96 1855 193 1919 citati
216 1862 306 1930 sunt,
331 1861 371 1918 ut
394 1854 488 1919 vobis
514 1876 595 1920 voce
625 1857 802 1939 praeirent,
831 1855 914 1939 qnid
941 1856 1142 1922 indicaretis.
1174 1889 1189 1924 ι

97 1957 249 2038 Quorum
262 1958 386 2023 clamor
400 1959 501 2043 siqui
518 1948 604 2023 forte
618 1957 731 2034 inerit
744 1958 921 2023 admonere
934 1980 992 2023 vos
1003 1959 1146 2034 debebit,
1169 1978 1184 2021 ο

96 2073 136 2128 ιιι
162 2087 238 2129 eum
266 2066 373 2130 civem
405 2064 588 2137 retineatis,
610 2063 669 2146 qui
694 2083 824 2146 semper
845 2084 952 2148 genus
981 2062 1068 2126 illud
1091 2064 1146 2127 ho

98 2170 224 2232 minum
255 2170 482 2254 clamoresque
506 2167 670 2232 maximos
691 2187 769 2250 prae
793 2174 908 2232 vestra
930 2167 1039 2232 salute
1067 2189 1144 2254 neg-

96 2273 190 2338 lexit.
230 2273 340 2352 Quam
356 2274 483 2338 obrem
499 2272 613 2337 adeste
630 2272 761 2348 animis,
775 2270 913 2347 iudices,
929 2281 965 2336 et
980 2273 1177 2346 timorem,4

95 2378 124 2440 si
141 2399 241 2462 quem
262 2377 401 2455 habetis,
418 2377 587 2462 deponite.
634 2375 729 2451 Nam,
745 2377 773 2440 si
797 2397 958 2460 umquam
982 2376 1023 2442 de
1048 2377 1143 2442 bonis

95 2490 131 2546 et
156 2481 301 2547 fortibus
329 2483 422 2560 viris,
440 2483 469 2546 si
497 2501 657 2566 umquam
681 2479 723 2544 de
745 2480 828 2545 bene
857 2481 986 2544 meritis
1010 2481 1142 2546 civibus
1169 2499 1198 2544 ιο

94 2594 244 2671 potestas
260 2587 354 2652 vobis
370 2585 542 2651 iudicandi
557 2584 634 2660 fuit,
651 2584 679 2648 si
696 2584 841 2668 denique
866 2605 1025 2669 umquam
1048 2586 1142 2650 locus

95 2692 375 2776 amplissimorum
410 2691 566 2756 ordinum
598 2687 737 2752 delectis
770 2689 851 2754 viris
882 2688 981 2753 datus
1012 2697 1073 2766 est,
1105 2700 1146 2755 ut

128 2839 176 2900 53.
190 2837 291 2886 27-31.
310 2851 388 2900 quae
412 2838 539 2900 quidem
562 2839 612 2885 eet
633 2834 719 2884 favor.
756 2835 851 2885 Cicero
862 2835 916 2884 will
929 2836 1004 2885 show
1015 2838 1077 2887 that
1088 2837 1149 2887 Clo·
1183 2833 1185 2840 “

24 2919 25 2924 ’
96 2913 219 2970 civium,
239 2913 282 2962 ‘at
305 2913 373 2963 least
396 2914 457 2962 that
474 2913 565 2963 which
587 2912 610 2960 ls
632 2911 694 2960 dius
706 2911 761 2960 laid
779 2926 815 2960 an
832 2912 995 2961 ambnscade
1012 2913 1056 2962 for
1068 2913 1144 2973 Milo,

96 2988 239 3050 composed
267 2989 297 3038 oi
325 2988 466 3038 citizens:’
496 2988 540 3039 for
563 2988 610 3036 the
632 2987 687 3036 and
710 3002 764 3036 was
787 2987 870 3038 killed
893 2989 928 3051 by
951 2990 998 3038 the
1016 2989 1097 3039 latter
1117 2991 1145 3040 in

96 3064 185 3113 clause
198 3065 232 3113 ef.
246 3065 314 3115 Sest.
328 3064 393 3114 140.
406 3066 430 3114 3.
466 3064 559 3114 Cicero
572 3078 611 3113 re·
632 3063 816 3114 selideience.

96 3141 175 3204 gards
188 3141 224 3190 all
239 3142 285 3191 the
302 3141 436 3192 followers
452 3142 481 3191 oi
498 3141 610 3191 Clodius
663 3140 689 3189 3.
706 3139 854 3190 hesterna
873 3176 897 3189 ..
917 3143 1145 3200 .contlone.

96 3231 126 3266 as
154 3217 240 3267 slaves
268 3219 321 3268 and
350 3220 466 3267 traitors.
507 3229 609 3280 neque
633 3216 718 3267 ‘even
740 3232 770 3268 so
787 3218 870 3281 lately
887 3233 917 3268 as
934 3225 963 3267 at
981 3221 1146 3282 yesterday's

97 3293 261 3355 quisquam
278 3329 283 3342 .
301 3330 307 3342 .
324 3329 330 3342 .
348 3307 412 3343 non
431 3294 525 3351 iavet,
539 3293 608 3343 ‘and
631 3294 768 3356 meeting!
815 3296 867 3345 For
893 3295 988 3344 etlam
1022 3297 1050 3346 in
1078 3304 1146 3346 tem-

97 3384 175 3432 every
184 3384 235 3420 one
244 3370 364 3434 notonly
374 3371 514 3432 applaude,
526 3369 606 3420 ete.:’
631 3369 705 3432 poral
740 3384 818 3423 sense
851 3369 885 3419 ef.
921 3371 989 3420 Sest.
1020 3371 1067 3421 54.
1095 3374 1145 3434 29;

97 3447 609 3508 thenegativesneutralizeeaehother·
632 3447 680 3496 IV.
705 3446 751 3495 10.
775 3447 818 3506 283
846 3447 870 3497 Ι.
898 3446 925 3495 1.
952 3449 976 3496 2.
1033 3449 1072 3497 At
1099 3449 1145 3500 the

97 3537 126 3572 as
138 3523 166 3570 in
178 3521 205 3571 ll.
221 3523 260 3584 10,
274 3525 303 3570 11
316 3523 409 3572 above.
630 3524 750 3586 meetiug
774 3523 891 3572 referred
914 3529 943 3574 to
969 3525 1015 3574 the
1037 3525 1145 3574 tribune

631 3599 748 3648 Plancus
760 3600 814 3648 had
826 3599 982 3662 lrarangned
994 3602 1041 3650 the
1050 3600 1145 3664 people

130 3673 327 3736 (Exonmuu.)
360 3675 426 3723 Part
437 3675 461 3735 2,
475 3675 504 3736 ἓξ
516 3675 538 3724 3.
555 3676 607 3724 1-6.
631 3677 738 3736 against
749 3676 823 3725 Milo.

98 3751 167 3813 Only
180 3752 226 3801 the
238 3750 333 3800 bullies
345 3751 374 3800 of
386 3749 496 3800 Clodius
508 3764 553 3800 are
564 3766 610 3814 op-
664 3752 713 3810 54.
727 3751 754 3799 8.
772 3751 882 3800 adeste
905 3752 1023 3810 animis.
1050 3753 1099 3804 ‘be
1115 3753 1146 3804 oi

97 3826 178 3888 posed
197 3831 227 3876 to
245 3825 320 3876 Milo.
356 3826 415 3874 'lhe
433 3826 520 3886 J’nrors
537 3833 610 3874 must
632 3827 701 3888 good
715 3828 859 3890 eorrrage:’
892 3828 921 3877 in
936 3829 1052 3880 another
1068 3843 1146 3882 sense

97 3899 157 3966 'give
173 3903 244 3952 their
255 3903 359 3953 verdiot
373 3902 489 3953 without
504 3901 564 3951 iear
580 3915 611 3951 or
633 3901 700 3952 Sull.
713 3901 759 3953 33.
772 3905 810 3954 12.
