2924 4372
233 312 297 377 144
558 324 630 374 rao
654 325 684 373 n.
709 323 869 374 nunnus
892 323 1040 373 caurio.

234 515 261 559 1⁵
284 495 392 571 nibus,
418 495 541 580 quibus
565 495 619 559 hic
644 496 917 560 consulatus-me
945 502 1084 582 rogante
1110 493 1209 559 datus
1231 503 1330 572 esset,

233 603 253 666 2
282 622 320 665 ea
352 621 404 664 res
434 598 556 676 fauste,
587 597 734 665 feliciter
763 620 986 684 prospereque
1018 600 1176 665 eveniret.
1234 599 1331 680 Quae

284 726 360 769 curn
384 704 432 768 ita
454 704 533 781 sint,
557 704 695 780 iudices
721 711 755 768 et
785 725 861 768 cuin
893 705 1000 768 omnis
1031 703 1171 768 deorum
1201 705 1333 769 immor·

284 809 404 874 talium
441 815 590 892 potestas
629 815 689 872 aut
719 809 882 872 translata
913 809 958 872 sit
987 808 1030 872 ad
1060 830 1120 873 vos
1151 816 1211 873 aut
1241 817 1330 875 certe

284 913 530 978 communicata
566 911 750 987 vobiscum,
782 911 870 975 idem
903 911 1077 976 consulem
1100 920 1230 978 vestrae
1253 914 1332 979 fidei

234 1035 264 1080 co
285 1016 505 1093 commendat,
523 1017 583 1101 qui
606 1024 704 1081 antea
726 1015 778 1080 dis
801 1015 1046 1080 immortalibus
1074 1017 1331 1094 commendavit,

286 1129 326 1185 ut
349 1120 499 1184 eiusdem
526 1119 670 1184 hominis
697 1140 779 1184 voce
805 1126 841 1184 et
868 1118 1056 1184 declaratus
1081 1121 1199 1184 consul
1222 1129 1257 1186 et
1279 1121 1333 1186 de-

285 1224 401 1290 fensus
432 1223 629 1289 beneficium
661 1223 778 1308 populi
810 1223 952 1287 Romani
983 1245 1061 1288 cum
1091 1231 1203 1289 vestra
1229 1232 1331 1310 atque

287 1330 435 1394 omnium
454 1329 579 1392 civium
595 1329 704 1392 salute
720 1334 866 1391 tueatur.

330 1420 376 1497 'ut
406 1433 566 1517 quoniam
596 1432 631 1496 in
662 1431 724 1495 hoc
755 1431 864 1495 officio
902 1433 1053 1497 studium
1091 1455 1182 1498 meae
1221 1434 1334 1499 defen·

235 1554 264 1598 as
285 1539 389 1604 sionis
420 1538 463 1602 ab
492 1537 740 1603 accusatoribus
778 1544 880 1622 atque
919 1539 1020 1602 etiam
1058 1540 1130 1623 ipsa
1164 1542 1333 1624 susceptio

287 1664 405 1707 causae
421 1643 620 1727 reprehensa
636 1650 697 1718 est,
714 1649 895 1727 antequam
912 1664 971 1726 pro
995 1643 1032 1705 L.
1058 1643 1200 1708 Murena
1223 1644 1332 1709 dicere

287 1748 438 1823 instituo,
470 1769 530 1832 pro
562 1768 613 1812 me
644 1748 717 1831 ipso
749 1767 856 1831 pauca
886 1745 1004 1822 dicam,
1038 1768 1105 1811 non
1144 1769 1211 1833 quo
1251 1749 1334 1812 mihi

287 1853 396 1936 potior
426 1851 488 1916 hoc
520 1850 656 1936 quidem
688 1853 723 1915 in
754 1858 903 1936 tempore
935 1853 981 1915 sit
1010 1851 1110 1916 officii
1140 1853 1204 1916 mei
1232 1874 1333 1937 quam

215 1945 219 1952 ¹
286 1957 425 2022 huiusce
446 1956 566 2020 salutis
594 1955 755 2032 defensio,
783 1955 843 2020 sed
869 1962 909 2020 ut
935 1977 1007 2020 meo
1031 1955 1121 2020 facto
1145 1955 1239 2020 vobis
1264 1979 1335 2042 pro·

236 2076 266 2122 ac
287 2060 365 2126 bato
410 2061 531 2125 maiore
578 2061 778 2124 auctoritaie
823 2059 865 2124 ab
909 2059 1010 2123 huius
1056 2060 1190 2136 honore,
1246 2059 1335 2124 fama

287 2164 500 2250 fortunisque
533 2164 686 2229 omnibus
718 2165 928 2228 inimicorum
960 2165 1105 2250 impetus
1140 2163 1334 2248 propulsare

286 2271 420 2354 possim.

235 2376 255 2438 3
330 2390 368 2436 11.
400 2373 447 2437 Et
469 2375 613 2458 primum
639 2374 686 2437 M.
704 2374 826 2439 Catoni
850 2375 954 2439 vitam
978 2373 1021 2437 ad
1048 2380 1173 2438 certam
1195 2373 1335 2440 rationis
1384 2420 1387 2428 .

319 2641 365 2703 §2
384 2640 430 2699 18,
439 2640 485 2690 19.
502 2639 655 2690 translata
664 2639 713 2687 sit.
741 2639 799 2688 The
854 2639 903 2700 53.
923 2637 948 2685 1.
966 2638 1007 2685 Μ.
1021 2636 1139 2686 Catoni.
1174 2638 1211 2687 M.
1223 2638 1335 2688 Porcius

286 2718 388 2767 verdict
400 2719 429 2766 oi
445 2718 491 2766 the
502 2718 590 2780 J'urors
603 2715 654 2765 will
669 2716 742 2764 voice
753 2716 800 2764 the
822 2715 898 2775 Cato,
908 2714 1129 2777 great-grandson
1138 2714 1167 2763 oi
1174 2715 1220 2763 the
1228 2715 1335 2765 iarnous

287 2794 339 2843 will
348 2794 377 2845 oi
384 2796 497 2844 heaven.
521 2794 601 2851 fidei,
612 2794 619 2818 ‘
629 2792 797 2856 protection.’
821 2805 915 2840 censor
926 2792 955 2839 of
967 2791 1013 2840 the
1022 2805 1095 2840 same
1105 2805 1193 2850 name,
1204 2805 1258 2840 was
1268 2791 1335 2840 born

318 2870 363 2919 22.
379 2869 572 2928 beneficium,
591 2869 704 2931 ‘iason’
723 2869 798 2918 often
821 2869 850 2917 in
862 2869 900 2917 95.
936 2868 979 2916 He
992 2881 1045 2916 was
1058 2867 1141 2916 noted
1153 2868 1196 2916 for
1208 2881 1223 2915 a
1235 2867 1335 2931 rugged

286 2947 351 2997 used
367 2962 397 2997 as
413 2948 477 2997 here
494 2949 523 2996 oi
539 2962 556 2996 a
572 2947 649 2996 mark
666 2947 696 2995 oi
712 2947 797 3005 favor,
822 2945 944 2994 firmness
958 2944 988 2992 oi
1004 2943 1150 3002 character,
1163 2944 1288 3005 aequired
1307 2945 1335 2992 in
1355 2954 1358 2960 '

287 3025 371 3074 hence
390 3023 565 3073 ‘distinction
586 3023 725 3073 conferred
743 3023 797 3085 by,'
821 3021 893 3083 early
913 3020 969 3081 life,
991 3021 1039 3068 but
1064 3019 1215 3069 intensilied
1240 3020 1273 3082 by
1292 3020 1336 3069 his

289 3100 382 3150 ‘office
395 3100 529 3151 bestowed
542 3101 594 3163 by.'
821 3099 897 3148 strict
909 3097 1060 3146 adherence
1072 3101 1100 3146 to
1112 3097 1158 3146 the
1170 3102 1244 3145 stern
1262 3098 1336 3158 prin·

319 3177 503 3227 iustification
537 3178 566 3226 oi
600 3177 643 3226 iris
671 3177 795 3236 conduct,
819 3174 902 3238 ciples
913 3174 943 3224 oi
954 3174 1001 3222 the
1012 3173 1086 3222 Stoic
1097 3167 1197 3222 school.
1233 3174 1334 3222 Aman

286 3251 304 3302 l.
323 3253 385 3314 24-5·
403 3254 442 3310 10,
464 3254 493 3301 in
516 3253 663 3315 deiending
685 3254 798 3301 Murena
820 3253 910 3301 whose
921 3264 1002 3299 name
1014 3250 1091 3299 stood
1108 3250 1151 3299 ior
1164 3250 1336 3313 uprightness

287 3329 365 3378 when
386 3329 429 3378 liis
448 3334 502 3378 two
524 3329 636 3388 friends,
656 3329 724 3377 Cato
744 3329 796 3377 aud
820 3329 900 3388 itseli,
911 3329 980 3377 fora
992 3327 1154 3376 narrowbut
1166 3325 1336 3391 unflinchlng

286 3405 430 3467 Sulpicius,
450 3419 517 3454 were
538 3406 710 3467 prosecuting
729 3405 794 3453 him.
819 3405 946 3456 devotion
958 3409 987 3453 to
1005 3405 1073 3466 duty
1084 3417 1113 3452 as
1130 3403 1165 3452 he
1182 3417 1236 3452 saw
1249 3405 1279 3464 it,
1293 3404 1336 3453 ior

318 3481 419 3530 24-27.
436 3480 496 3530 hoc
521 3481 630 3540 officio,
652 3480 723 3530 ‘this
745 3497 798 3531 ser·
820 3478 944 3544 morality
964 3481 994 3530 oi
1016 3480 1065 3530 iiie
1087 3480 1141 3528 and
1162 3479 1250 3542 frugal
1273 3480 1336 3528 sirn-

286 3557 360 3607 vice'
401 3563 429 3607 to
467 3559 590 3607 Murena.
651 3558 797 3615 studium,
820 3558 921 3620 plicity,
934 3558 970 3607 he
982 3571 1036 3606 was
1053 3556 1145 3606 ieared
1162 3557 1254 3606 rather
1267 3557 1334 3606 than

287 3633 378 3695 ‘seat'
405 3630 537 3697 ‘energy.’
579 3646 643 3683 non
666 3647 728 3695 quo
746 3669 752 3681 .
769 3669 797 3681 ..
820 3635 897 3684 loved
916 3635 950 3696 by
971 3648 1033 3683 men
1054 3633 1084 3683 oi
1104 3633 1146 3682 his
1165 3647 1226 3681 own
1247 3637 1334 3695 party,

285 3709 334 3767 stt,
353 3707 417 3759 ‘not
434 3711 503 3772 that,
524 3710 585 3760 etc!
622 3712 655 3759 A.
674 3712 730 3769 321,
753 3710 799 3770 R.;
820 3710 874 3760 and
897 3710 978 3759 hated
1002 3711 1036 3772 by
1059 3711 1102 3758 his
1129 3710 1194 3759 foes
1241 3707 1336 3758 Cicero

285 3787 319 3836 G.
338 3785 394 3848 541,
414 3787 446 3836 R.
466 3788 493 3850 1;
516 3788 551 3837 Η.
571 3788 627 3849 516,
648 3787 696 3850 11.,
715 3788 742 3851 2;
767 3783 799 3840 Β.
821 3801 907 3836 seems
927 3791 955 3835 to
977 3787 1046 3836 have
1066 3786 1163 3836 valwed
1186 3786 1228 3835 his
1249 3787 1335 3835 worth

285 3862 398 3915 2861t.
822 3863 924 3932 highly,
942 3863 991 3912 but
1010 3852 1038 3912 t'o
1057 3863 1126 3912 have
1145 3861 1242 3912 looked
1261 3874 1335 3924 upon
