2838 4380
484 293 538 346 nr.
561 293 626 356 x1.;
649 293 715 344 xn.
1135 278 1197 344 391

103 470 320 537 Brundisium
345 472 477 550 referre,
494 475 565 538 sine
591 482 623 538 te
645 481 759 538 autem
780 495 847 537 non
868 494 940 538 esse
956 471 1052 538 nobis
1073 472 1148 537 illas
1185 490 1199 534 5

101 585 210 662 partes
235 575 396 642 tenendas
420 585 555 662 propter
578 577 792 643 Autronium.
840 576 871 640 N
875 598 950 654 uno,
974 583 1014 640 ut
1040 575 1082 640 ad
1113 583 1146 642 te

100 689 198 747 antea
220 682 347 766 scripsi,
379 683 408 746 si
438 681 481 745 ad
509 703 568 746 nos
596 683 736 757 veneris
764 681 943 746 eonsilium
969 681 1073 744 totius
1100 680 1146 745 rei

36 825 45 840 ·.
100 787 286 870 capiemus:
311 787 375 851 iter
398 807 470 850 esse
493 786 671 850 molestum
693 786 771 862 scio,
789 783 849 850 sed
866 792 959 850 tanta
975 784 1146 850 calamitas

100 910 214 954 omnes
238 890 405 954 molestias
436 889 546 954 habet.
594 888 698 954 Plura
724 888 867 954 seribere
895 909 963 952 non
990 909 1144 972 possum:

101 995 147 1056 ita
173 1014 248 1058 sum
274 993 383 1059 animo
411 994 566 1079 perculso
594 1002 629 1058 et
652 993 791 1058 abieoto.
838 991 940 1069 Oura,
962 1000 1003 1056 ut
1025 991 1146 1058 valeas.
1171 1006 1200 1053 10

101 1097 189 1163 Data
215 1115 265 1163 V1.
296 1097 379 1163 Idus
405 1100 552 1184 Apriles,

499 1393 750 1406 n*

586 1616 670 1683 XII.

508 1792 566 1852 (An
577 1793 646 1841 Arr.
658 1806 699 1840 111.
709 1795 746 1852 6.)

432 1954 563 2004 CICERO
587 1956 718 2004 ATTICO
741 1956 820 2004 SAL.

144 2111 220 2177 Non
257 2111 370 2177 iuerat
407 2113 488 2176 mihi
524 2103 675 2191 dubium,
715 2115 798 2200 quin
837 2123 871 2180 te
911 2114 1050 2180 Tarenti
1088 2120 1149 2177 aut

101 2214 274 2280 Brundisii
299 2217 434 2282 visurus
459 2239 575 2294 essem,
592 2218 694 2302 idque
722 2219 765 2282 ad
789 2220 897 2282 multa
922 2218 1095 2303 pertinuit,
1112 2217 1147 2278 in

101 2321 159 2396 eis,
178 2328 218 2384 ut
239 2328 277 2385 et
299 2321 335 2384 in
358 2321 461 2405 Epiro
484 2323 741 2387 consisteremus
765 2331 800 2387 et
823 2323 863 2388 de
888 2323 1027 2407 reliquis
1051 2319 1147 2385 rebus

101 2432 160 2489 tuo
184 2426 324 2490 oonsilio
349 2433 538 2491 uteremur:
572 2428 731 2511 quoniam
752 2427 787 2491 id
811 2449 879 2492 non
904 2426 1057 2512 contigit,
1086 2424 1150 2488 erit

131 2667 156 2716 5.
184 2667 277 2736 nobis
294 2703 300 2716 .
320 2703 327 2718 .
346 2703 353 2718 .
369 2669 530 2727 tenendae,
556 2668 611 2720 ‘we
859 2657 926 2707 ΧΠ·

98 2745 184 2808 ought
195 2749 244 2795 not
255 2751 284 2794 to
296 2758 330 2807 go
340 2750 370 2794 to
381 2746 459 2794 those
476 2746 609 2808 regions;’
671 2746 909 2798 Iurnouuenoar
919 2746 1015 2796 Nora:
1032 2746 1151 2797 Written

54 2816 56 2820 ’
99 2824 189 2870 tenere
213 2820 334 2882 aliquem
354 2821 480 2872 locam:
494 2822 531 2884 (1)
552 2837 612 2872 ear·
638 2838 705 2873 near
716 2825 873 2884 Tarentum,
887 2837 923 2873 on
935 2824 981 2872 the
997 2824 1062 2872 road
1080 2823 1151 2872 from

98 2911 158 2947 eum
176 2899 267 2946 tenere
284 2898 313 2946 in
327 2897 556 2959 aliquantorum,
572 2898 610 2960 (2)
639 2901 734 2950 Thurii
752 2907 781 2950 to
798 2901 984 2960 Brundisium,
998 2905 1026 2949 to
1043 2901 1151 2950 Atticus

100 2987 198 3034 capere
217 2972 305 3035 (Caes.
327 2973 376 3025 IV.
390 2973 436 3023 26.
448 2973 475 3038 5)
492 2975 613 3036 aliquem
639 2978 667 3026 in
691 2978 783 3037 Rome,
802 2992 838 3027 on
860 2979 908 3027 the
926 2977 988 3027 leth
1009 2977 1038 3025 oi
1061 2975 1148 3038 April.

100 3051 390 3111 locam‚whiehherei
413 3050 490 3108 illae,
499 3052 613 3101 because
639 3053 733 3103 Oice'ro
756 3054 810 3103 had
832 3054 930 3104 waited
957 3045 1021 3102 here
1049 3052 1151 3102 several

100 3127 232 3190 referring
242 3131 272 3175 to
283 3139 317 3175 an
331 3127 491 3176 abandoned
503 3127 576 3190 plan.
639 3130 705 3192 days
717 3129 759 3178 ior
771 3129 864 3179 letters
876 3131 948 3179 from
965 3129 1082 3188 Atticus,
1096 3128 1151 3177 and

131 3205 193 3255 6-9.
212 3209 340 3268 propter
354 3207 545 3257 Autronium
558 3206 613 3271 (see
639 3221 725 3256 seems
737 3211 765 3254 to
774 3207 843 3255 have
854 3207 961 3256 learned
972 3207 1033 3254 that
1041 3205 1151 3254 Atticus

100 3297 126 3344 p.
148 3283 188 3340 23,
210 3283 224 3344 5
244 3283 284 3344 30,
305 3298 331 3346 p.
353 3284 394 3344 40,
415 3281 428 3340 5
450 3284 503 3346 71),
522 3286 612 3334 whom
639 3282 717 3332 could
730 3287 779 3332 not
789 3283 847 3344 join
865 3283 923 3331 him
940 3282 1033 3332 before
1050 3283 1084 3330 he
1102 3281 1151 3330 leit

100 3359 194 3409 Cicero
206 3359 259 3408 had
272 3361 340 3422 good
357 3373 454 3410 reason
470 3365 500 3410 to
517 3361 575 3410 iear
592 3361 614 3410 ii
640 3360 717 3421 Italy.

99 3450 116 3484 a
127 3449 195 3498 copy
207 3435 237 3485 oi
252 3435 300 3485 the
308 3450 360 3497 pro
374 3435 453 3486 Sulla
464 3437 518 3486 had
529 3436 612 3486 fallen
670 3435 732 3483 1-3.
748 3434 851 3484 iuerat
869 3433 908 3498 (=
918 3435 1004 3496 erati:
1021 3449 1065 3484 see
1083 3435 1146 3484 Exn,

100 3513 159 3562 into
180 3511 224 3561 his
246 3512 346 3562 hands:
373 3527 417 3562 see
439 3526 475 3561 on
499 3513 564 3562 Sull.
586 3514 611 3562 1.
638 3512 753 3573 v.§15.
790 3512 823 3560 id
840 3509 1150 3574 ...pertinuit‘was

99 3590 123 3638 6.
159 3587 338 3638 calamitas:
365 3589 408 3638 for
424 3590 552 3652 meaning
568 3603 612 3640 see
639 3587 770 3638 desirable
793 3590 835 3637 ior
857 3603 939 3650 many
956 3586 1082 3637 reasons.’
1117 3587 1150 3635 in

100 3677 139 3715 on
172 3664 239 3716 Sull.
270 3664 295 3712 1.
322 3667 346 3714 2.
389 3657 492 3722 habet,
521 3679 550 3714 as
584 3667 612 3715 in
639 3665 691 3722 eis,
716 3663 831 3726 ‘among
855 3663 949 3713 them'
991 3664 1024 3712 in
1047 3663 1149 3724 Epiro,

100 3741 151 3792 IV.
177 3741 202 3791 7.
226 3741 269 3792 18:
297 3742 372 3793 what
400 3755 463 3803 may
491 3741 523 3790 be
551 3755 613 3804 suo
639 3742 727 3790 where
756 3741 864 3790 Atticus
892 3740 969 3789 made
997 3739 1040 3789 his
1069 3739 1150 3790 home

99 3817 196 3882 piied?
639 3818 718 3868 when
730 3821 779 3866 not
790 3818 819 3866 in
829 3815 908 3879 Italy.
