2870 4376
430 335 510 392 can.
531 335 619 403 rana,
644 335 764 403 §lost
1113 321 1177 396 473

79 509 226 578 cordiani
248 511 449 598 confugisse,
466 511 544 577 inde
568 513 703 599 navigio
726 535 900 598 perparvo
917 535 995 578 oum
1018 515 1125 579 omnis

78 623 197 701 portus
213 623 387 701 terrasque
403 614 549 701 fugeret,
566 617 601 678 iu
625 638 697 680 oras
721 616 858 686 Africae
883 616 1124 683 desertissimas

79 722 279 805 pervenisse.
327 719 445 805 Atque
469 720 527 784 ille
552 721 658 784 vitam
682 741 787 795 suam,
805 743 846 786 ne
870 721 1010 786 inultus
1027 730 1124 800 esset,

78 824 122 888 ed
137 825 394 890 incertissimam
409 846 502 908 spem
519 832 554 889 et
576 823 620 888 ad
642 825 691 889 rei
714 825 867 911 publicae
889 825 1000 890 fatum
1023 848 1125 892 roser·

78 928 192 1004 vavit3
216 950 289 1014 ego,
306 929 376 1012 qui,
394 948 494 1012 quem
518 927 560 992 ed
584 927 721 992 modum
744 928 845 992 multi
871 930 905 992 in
925 937 1049 994 senatu
1072 953 1125 996 me
1149 947 1178 993 30

77 1039 216 1116 apsente
232 1030 401 1108 dixerunt,
418 1032 570 1116 periculo
586 1032 634 1096 rei
650 1031 803 1116 publioae
817 1032 982 1108 vivebam,
996 1034 1124 1119 quique

78 1135 121 1200 ob
147 1157 220 1202 eam
250 1156 383 1202 eausam
413 1135 644 1200 consularibus
675 1137 797 1202 litteris
829 1136 869 1201 de
894 1145 1031 1202 senatus
1049 1159 1126 1204 sen·

77 1241 185 1305 tentia
200 1241 325 1305 exteris
341 1239 535 1304 nationibus
552 1229 817 1326 commendabar,
834 1260 955 1317 nonne,
971 1242 1001 1304 si
1017 1263 1122 1307 meam

77 1344 183 1409 vitam
198 1343 429 1421 deseruissem,
446 1365 516 1408 rem
532 1343 702 1428 publicam
729 1343 977 1429 prodidissem?
999 1347 1034 1409 in
1057 1367 1125 1432 qua

76 1447 215 1533 quidem
239 1469 330 1513 nune
353 1470 405 1514 me
432 1449 593 1513 restituto
619 1449 707 1513 vivit
734 1469 866 1514 meeum
892 1450 993 1514 simul
1009 1471 1128 1516 nexem·
1148 1466 1178 1512 40

75 1553 171 1638 plum
186 1552 264 1618 fidei
280 1552 443 1638 publicae.
490 1551 591 1632 Quod
607 1554 635 1617 si
651 1554 838 1618 immortale
855 1553 1030 1631 retinetur,
1048 1557 1124 1640 quis
1223 1560 1226 1569 '

75 1679 145 1722 non
175 1658 346 1744 intellegit
375 1658 598 1722 immortalem
628 1657 715 1722 hane
746 1658 917 1723 civitatem
948 1657 1123 1724 futuram?

75 1777 185 1826 xxm.
210 1761 297 1826 Nam
322 1769 463 1827 externa
485 1761 575 1826 bella
605 1783 733 1848 regum,
759 1763 924 1848 gentium,
948 1764 1122 1827 nationum
1139 1768 1176 1831 51

74 1867 141 1930 iam
154 1865 285 1951 pridem
296 1867 344 1932 ita
351 1867 505 1931 extincta
513 1872 604 1943 sunt,
613 1873 653 1930 ut
661 1867 829 1951 praeclare
837 1887 915 1931 oum
924 1867 965 1932 iis
974 1888 1122 1954 agamus,

75 1992 161 2055 quos
177 1977 312 2056 pacatos
328 1992 399 2035 esse
415 1972 600 2055 patiamur3
625 1969 772 2055 denique
789 1992 831 2035 ex
848 1970 968 2036 belliea
984 1973 1125 2037 victoria

74 2097 144 2139 non
159 2074 230 2140 fere
247 2096 451 2160 quemquam
467 2081 520 2139 est
542 2073 670 2139 invidia
693 2075 819 2140 civium
847 2083 1045 2152 consecuta;
1069 2076 1125 2141 do

74 2180 223 2244 mesticis
246 2179 343 2244 malis
366 2187 402 2244 et
424 2178 601 2243 audacium
626 2180 751 2244 eivium
776 2179 923 2244 consiliis
951 2202 1049 2265 saepe
1073 2189 1127 2246 est
1146 2194 1180 2267 7

74 2282 311 2361 resistendum,
340 2304 522 2370 eorumque
547 2283 773 2368 periculorum
798 2291 851 2348 est
872 2285 907 2347 in
929 2306 965 2350 re
989 2284 1123 2369 publiea

74 2387 251 2452 retinenda
261 2387 446 2463 medicina3
463 2409 564 2473 quam
576 2408 717 2463 omnem,
729 2387 868 2464 iudices,
881 2388 1122 2474 perdidissetis,

11 2559 13 2566 ,
73 2492 104 2556 si
120 2512 193 2574 meo
208 2493 349 2557 interitu
367 2493 499 2556 senatui
524 2492 718 2577 populoque
743 2493 895 2556 Romano
919 2491 1044 2558 doloris
1067 2495 1121 2558 sui

11 2619 13 2662 t
72 2595 116 2660 de
133 2617 185 2660 me
201 2595 393 2661 declarandi
409 2603 557 2681 potestas
580 2603 669 2660 esset
692 2603 814 2681 erepta.
863 2595 976 2676 Quare
1004 2619 1123 2662 moneo

11 2870 15 2948 l
98 2874 152 2942 34.
180 2890 275 2942 spem,
287 2879 341 2939 i.e.‚
355 2878 384 2928 07
401 2877 542 2940 returning
558 2880 588 2926 to
609 2876 654 2925 25.
675 2877 714 2926 28.
750 2889 846 2926 nune:
864 2878 898 2928 of.
921 2878 971 2940 Ep.
1000 2878 1082 2928 XIII.
1095 2878 1121 2927 1.

11 2957 15 2986 ²
70 2947 167 3006 Rome.
189 2949 398 3018 'Oreightomp
412 2953 443 3006 67
456 2955 480 3016 7;
495 2953 585 3014 Allen,
611 2955 648 3002 15.
683 2952 757 3001 fidei
779 2953 932 3014 publicae,
952 2953 996 3002 ‘ol
1020 2960 1123 3015 proteo·
1196 2954 1201 2999 f

11 3025 21 3138 l*
69 3047 101 3096 p.
116 3031 167 3156 11178
183 3031 322 3155 ῗὲγθζε,
346 3031 442 3155 p.·t·89;
464 3029 585 3154 Pefmlelli’
610 3029 674 3155 piopi
681 3043 716 3154 op
729 3029 895 3154 7ῑΙιθξ777107
911 3029 958 3118 7770
975 3029 1065 3155 stetp,’
1076 3043 1123 3154 plili-
1185 3039 1199 3127 Ι·

12 3172 22 3248 l
69 3111 171 3234 {im}
199 3119 217 3156 a
254 3119 376 3229 m-en
390 3121 460 3156 mm.
481 3120 516 3154 θ’
610 3119 857 3244 ollnlnglndusgul
865 3119 1123 3244 oalnlliaedhalrlene

11 3255 20 3300 l
97 3257 209 3326 ,as-41.
237 3268 302 3320 ego,
337 3257 397 3318 qui,
426 3268 519 3319 quem
547 3256 587 3305 ad
872 3310 875 3316 ,
1050 3315 1052 3320 Ι

11 3335 23 3378 l
70 3334 209 3391 modum,
235 3335 396 3398 suspension
420 3333 449 3382 of
472 3333 587 3384 clauses:
642 3334 713 3396 751.
739 3332 801 3384 2-6.
826 3338 861 3398 ut
878 3369 884 3382 .
959 3335 1122 3398 patiamur,

11 3417 23 3458 t·
69 3413 110 3460 cf.
133 3412 147 3472 §
169 3411 208 3461 39.
234 3411 257 3460 8.
301 3409 450 3472 periculo,
475 3409 519 3458 ‘at
541 3408 588 3457 the
612 3410 688 3460 ‘that
705 3425 746 3461 we
765 3416 835 3460 treet
844 3411 922 3461 those
935 3412 1123 3474 withdistinc·

11 3493 22 3530 *l
69 3487 143 3552 peril
155 3487 200 3545 of,'
214 3489 269 3552 i.e.,
283 3488 330 3536 the
342 3486 390 3546 lite
408 3485 437 3535 of
454 3485 502 3534 the
519 3490 588 3534 state
610 3488 668 3546 tion
677 3488 766 3538 whom
774 3501 813 3536 we
822 3489 920 3550 permit
930 3493 958 3536 to
966 3488 999 3538 be
1007 3502 1056 3538 our
1063 3489 1123 3537 sut

11 3573 21 3618 7
71 3564 215 3626 depended
242 3577 318 3625 upon
346 3561 472 3612 Cicero's.
517 3573 588 3610 oon·
610 3563 697 3626 700773
744 3557 887 3625 denique,
914 3563 958 3612 ‘in
984 3578 1000 3613 a
1028 3563 1121 3626 word,'

11 3651 28 3698 i*
71 3639 238 3698 sularibus,
261 3645 324 3700 ete,
355 3637 452 3702 ‘given
480 3638 515 3699 by
542 3639 589 3686 the
611 3641 687 3689 often
715 3640 781 3689 used
801 3640 865 3689 thus
893 3641 973 3689 when
1001 3641 1049 3690 but
1071 3654 1124 3698 one

11 3705 30 3778 ,l
73 3715 169 3774 consul
188 3716 229 3779 (R
244 3715 377 3766 Lentulus
393 3713 531 3776 Spinther,
545 3712 587 3776 57)
612 3715 701 3765 clause
710 3715 759 3764 has
767 3716 947 3778 gonebefore:
959 3716 1020 3778 give
1031 3730 1067 3765 an
1078 3731 1124 3766 ex·

11 3789 32 3858 pl
72 3795 115 3856 by,
153 3792 301 3858 directim
329 3792 359 3842 07
391 3792 438 3841 the
476 3789 587 3839 senate!
612 3790 700 3854 ample
711 3792 782 3841 from
795 3791 870 3842 Caes.
883 3792 920 3842 ΙΙ.
931 3790 1010 3841 3772.
1044 3793 1124 3854 peri·

13 3879 33 3935 ,a
71 3880 193 3929 nonne:
210 3869 254 3926 707
261 3869 297 3929 its
306 3867 360 3928 late
372 3866 492 3932 position
500 3865 534 3926 ef,
549 3866 587 3916 11.
613 3865 761 3923 ardorum,
769 3865 823 3930 obj.
832 3880 892 3930 gen.
902 3866 969 3917 with
976 3867 1074 3920 medici

1069 3925 1072 3934 v
1094 3925 1098 3934 u

11 3933 36 4018 ul
