2954 4374
252 303 313 368 184
576 309 647 363 eno
672 313 701 364 n.
727 312 887 366 nunniti
911 313 1057 365 onnrro.

299 490 424 553 alienos
454 487 664 554 defendatur.
712 489 837 554 Omnes
861 490 949 555 enim
972 490 1014 554 ad
1038 491 1186 575 pericula
1215 489 1348 577 propul-

248 611 277 654 1o
298 592 402 657 sanda
424 593 652 660 concurrimus
676 601 720 670 et,
746 595 895 678 quinon
922 603 1035 679 aperte
1064 595 1188 658 inimici
1219 615 1346 670 sumus,

270 693 272 696 ’
299 699 398 762 etiam
428 697 638 762 alienissimis
666 698 701 759 in
732 698 850 781 capitis
882 699 1040 782 periculis
1070 698 1347 764 amicissimorum

245 804 286 867 46
298 801 405 866 officia
431 808 466 866 ct
487 800 599 866 studia
622 808 837 885 praestamus.
885 802 996 881 Quare
1028 825 1091 888 ego
1122 809 1280 886 expertus
1312 809 1348 866 et

297 905 432 991 petendi
448 913 483 970 et
498 903 701 970 defendendi
717 914 752 974 et
767 905 946 972 accusandi
971 907 1157 972 molestiam
1180 895 1228 970 sic
1251 907 1348 970 intel·

293 1011 371 1086 lexi,
388 1011 423 1073 in
438 1009 582 1094 petendo
599 1008 750 1074 studium
766 1031 837 1074 esse
861 1011 1067 1087 acerrimum,
1084 1012 1118 1074 in
1135 1008 1347 1074 defendendo

246 1113 452 1189 mollicium,
483 1115 519 1178 in
555 1113 742 1178 accusando
779 1114 936 1179 laborem.
992 1115 1113 1200 Itaque
1144 1115 1191 1179 sic
1222 1121 1345 1191 statuo,

296 1220 367 1283 fieri
387 1219 481 1281 nullo
503 1217 601 1281 modo
626 1239 732 1302 posse,
766 1226 804 1282 ut
827 1217 915 1284 idem
938 1221 1183 1292 accusationem
1207 1226 1242 1294 et
1264 1207 1348 1303 peti-

296 1325 422 1388 tionem
449 1322 643 1386 consulatus
675 1321 855 1408 diligenter
888 1322 1027 1389 adornet
1057 1332 1158 1409 atque
1189 1324 1344 1388 instruat.

300 1427 413 1490 Unum
446 1426 611 1490 sustinere
634 1427 732 1509 pauci
762 1434 912 1511 possunt,
929 1435 1111 1513 utrumque
1137 1449 1242 1492 nemo.
1290 1427 1345 1490 Tu

296 1551 372 1594 cum
400 1538 433 1594 te
461 1529 502 1593 de
526 1529 692 1594 curriculo
716 1531 888 1614 petitionis
911 1529 1104 1596 deflexisses
1127 1532 1344 1615 animumque

244 1649 272 1694 ao
301 1634 344 1698 ad
366 1633 591 1698 accusandum
615 1629 851 1711 transtulisses
875 1635 903 1700 si
927 1636 1125 1701 existimasti
1153 1642 1185 1700 te
1208 1636 1344 1720 utrique

295 1739 430 1824 negotio
461 1739 541 1802 satis
571 1737 679 1802 iacere
708 1760 812 1823 posse,
844 1740 1060 1806 vehementer
1082 1741 1209 1806 errasti.
1257 1739 1344 1818 Quis

296 1844 384 1908 enim
400 1842 470 1906 dies
483 1841 560 1919 fuit,
577 1851 795 1929 posteaquam
811 1845 846 1906 in
862 1844 960 1908 istam
976 1845 1154 1910 accusandi
1169 1844 1346 1910 denuntia·
1443 1882 1445 1886 ι

295 1947 420 2010 tionem
435 1947 604 2032 ingressus
620 1969 665 2024 es,
683 1970 783 2032 quem
800 1957 836 2012 tu
854 1971 921 2013 non
943 1957 1052 2014 totum
1074 1951 1109 2013 in
1130 1951 1194 2015 ista
1214 1950 1342 2014 ratione

295 2051 563 2134 consumpseris?
607 2069 715 2115 xxm.
749 2053 872 2140 Legem
898 2054 1042 2119 ambitus
1063 2053 1232 2141 flagitasti,
1255 2075 1342 2139 quae

295 2154 357 2219 tibi
372 2176 439 2218 non
452 2155 581 2231 deerat;
599 2164 671 2221 erat
686 2158 776 2222 enim
788 2159 996 2224 severissime
1013 2160 1136 2245 scripta
1149 2158 1341 2244 Calpurnia.

295 2259 421 2324 Gestus
438 2267 490 2324 est
506 2281 574 2324 mos
591 2267 626 2325 et
642 2262 810 2326 voluntati
827 2270 862 2327 et
878 2262 1035 2349 dignitati
1052 2270 1140 2328 tuae.
1187 2261 1253 2326 Sed
1272 2270 1344 2327 tota

324 2454 683 2514 11.a1ienissimis‚
719 2456 808 2506 ‘utter
829 2457 1000 2519 Calpurnia.
1030 2461 1070 2522 By
1081 2461 1127 2510 the
1140 2461 1181 2511 les
1203 2460 1344 2512 Cornelia·

293 2531 457 2594 strangers3’
477 2531 567 2581 dative
584 2545 653 2594 case,
672 2533 726 2582 and
743 2534 807 2583 used
829 2535 942 2596 Baebia,
957 2538 1010 2597 181,
1025 2537 1046 2586 it
1057 2537 1111 2587 had
1128 2539 1196 2588 been
1213 2539 1343 2602 provided

294 2602 497 2669 substantivel'y.
827 2612 887 2660 that
915 2627 931 2661 a
960 2614 1104 2664 candidate
1138 2615 1223 2666 found
1256 2615 1343 2679 guilty

325 2683 389 2744 §rs
408 2683 512 2740 14‚·1⁵.
530 2684 670 2734 studium
679 2699 749 2736 csse
758 2699 807 2736 ac·
827 2689 856 2736 oi
879 2689 967 2753 illegal
993 2694 1155 2755 canvassing
1181 2693 1288 2750 should,
1313 2693 1342 2741 in

293 2759 444 2816 errimum,
464 2758 525 2810 ‘the
543 2768 613 2811 most
631 2763 807 2813 enthusiastic
827 2765 948 2817 addition
972 2771 1000 2816 to
1022 2769 1069 2817 the
1092 2768 1145 2818 fine
1167 2769 1287 2832 imposed
1307 2770 1343 2833 by

293 2835 347 2883 zeai
360 2836 383 2884 is
395 2836 553 2898 necessary.’
590 2837 732 2896 officium,
747 2838 808 2888 ‘de-
827 2842 923 2891 earlier
935 2843 1007 2904 laws,
1022 2844 1077 2894 lose
1089 2845 1132 2894 ior
1144 2849 1190 2895 ten
1202 2860 1277 2908 years
1293 2847 1342 2896 the

293 2912 406 2961 votion’
827 2919 899 2981 right
911 2924 940 2968 to
952 2920 1015 2969 hold
1028 2920 1112 2972 office.
1148 2921 1188 2972 Το
1200 2923 1255 2972 this
1272 2937 1342 2986 pun-

224 2977 227 2988 '
325 2987 371 3035 21.
389 2987 466 3046 Quis
479 2989 554 3038 dies.
588 2991 636 3042 We
648 2991 745 3042 should
762 3006 807 3042 ex·
827 2995 945 3044 ishment
968 2996 1014 3045 the
1043 2997 1084 3047 lec
1114 2997 1275 3061 Calpurnia,
1298 2999 1340 3062 67,

293 3069 354 3126 pert
374 3066 506 3127 quirites,
525 3067 731 3118 hutnosound
751 3069 806 3118 ruIe
826 3071 911 3120 added
931 3073 1072 3135 expulsion
1093 3075 1164 3124 from
1184 3076 1231 3125 the
1248 3081 1341 3126 senate
1396 3096 1399 3101 ·

292 3153 342 3188 can
355 3141 387 3190 bc
398 3141 453 3190 laid
464 3142 543 3192 down
556 3143 599 3192 ior
610 3146 672 3206 quis
687 3145 740 3193 and
758 3147 806 3206 qui
827 3145 882 3208 (see
894 3163 930 3198 on
943 3148 958 3198 l.
973 3149 999 3212 Ἰ)
1013 3151 1065 3199 and
1082 3150 1136 3201 loss
1153 3153 1182 3201 of
1198 3152 1234 3201 all
1251 3153 1342 3216 politi-

293 3217 356 3266 used
369 3217 537 3281 adjectively.
825 3224 867 3273 cal
892 3225 987 3288 rights,
1012 3227 1117 3290 though
1145 3229 1191 3278 the
1217 3229 1341 3280 criminai

825 3301 913 3364 might
925 3302 980 3350 still
997 3301 1050 3353 live
1067 3310 1095 3353 at
1112 3304 1204 3355 Rome.
1240 3305 1267 3355 It
1283 3305 1341 3357 also

323 3370 348 3418 1.
366 3370 477 3431 negem
512 3371 655 3430 ambitus,
686 3375 733 3423 the
765 3375 806 3424 lec
825 3378 954 3439 provided
978 3379 1022 3428 for
1040 3381 1088 3430 the
1111 3381 1289 3446 punishment
1312 3383 1342 3433 oi

295 3446 394 3508 Tullia,
424 3449 554 3510 proposed
582 3449 617 3511 by
645 3450 747 3510 Cicero,
778 3452 804 3498 in
826 3454 872 3502 the
900 3461 994 3517 agents
1017 3457 1078 3505 who
1106 3458 1267 3508 distributed
1292 3460 1340 3509 the

291 3522 369 3588 order
396 3529 425 3572 to
452 3531 565 3587 prevent
593 3526 735 3576 Catilina’s
767 3527 806 3576 in·
825 3524 1341 3598 bribe‚andiorrewardingthe'prose

290 3599 392 3662 trigues
414 3600 458 3649 for
476 3601 524 3649 the
546 3602 702 3666 consulship
724 3604 753 3653 oi
775 3604 805 3652 62
825 3613 909 3657 cutor.
946 3608 1060 3671 Finally,
1077 3611 1124 3659 the
1142 3611 1183 3660 lec
1203 3612 1293 3662 Tullia
1310 3613 1341 3662 oi

292 3674 329 3738 (p.
343 3677 384 3735 28,
397 3677 409 3735 ξ
422 3676 474 3738 43).
825 3683 880 3732 this
898 3698 962 3745 year
975 3684 1028 3746 (63)
1047 3685 1132 3735 added
1150 3686 1220 3737 exile
1236 3689 1279 3737 for
1292 3693 1339 3738 ten

322 3752 347 3800 2.
376 3756 449 3810 erat,
480 3753 569 3803 ‘there
597 3769 651 3806 was
679 3756 804 3818 already‚’
824 3773 900 3820 years
917 3764 946 3808 to
964 3761 1039 3810 these
1058 3763 1236 3827 increasingiy
1247 3760 1339 3818 sciere

290 3833 339 3880 not
356 3833 385 3878 to
401 3829 434 3879 be
450 3831 598 3880 connected
610 3832 677 3881 with
688 3834 801 3894 scriptu.
823 3836 964 3897 penaities.

965 3929 978 3958 0
