2954 4374
559 279 754 334 EXCURSUS
779 281 832 336 ΙΙΙ.

561 551 754 604 EXCURSUS
779 554 830 603 111.

419 696 565 747 cansan's
582 709 700 748 sennen
717 710 750 748 ru
768 711 828 748 ran
846 710 973 750 snusrr.

459 839 565 893 [Sallust
574 839 631 892 Cap.
640 841 675 882 61.
701 841 762 882 Text
771 842 797 884 oi
810 841 935 896 Schmin]

180 970 225 1020 ⁵1.
244 971 371 1022 “Omnis
404 973 538 1034 homines,
572 979 663 1036 patres
675 974 729 1038 lgls
742 975 797 1025 lree
809 983 916 1026 vostrae
933 991 1013 1039 quam
1031 977 1120 1027 ismae
1138 991 1200 1028 cou-

148 1048 301 1110 conscripti,
312 1051 358 1111 qui
368 1049 401 1098 de
412 1051 491 1116 rebus
496 1050 590 1126 'dubiis
601 1064 663 1100 con·
675 1012 678 1126 J
689 1051 793 1102 aulatis.
829 1053 900 1102 Nam
913 1055 936 1103 si
954 1054 1036 1116 digua
1048 1068 1136 1117 poena
1152 1070 1200 1118 pro
1224 1061 1238 1106 8

148 1126 260 1188 sultant,
271 1127 304 1176 ab
315 1128 376 1177 odio
388 1129 518 1188 amicitia,
530 1129 569 1177 ira
581 1128 768 1191 atqueiactis
797 1143 889 1179 eorum
923 1131 1063 1192 reperitur,
1098 1146 1199 1182 novum

148 1203 330 1252 misericordia
357 1219 455 1254 vacuos
487 1219 545 1254 esse
577 1205 661 1255 decet.
690 1204 832 1254 consilium
860 1207 992 1269 approbo:
1025 1207 1068 1257 sin
1098 1209 1200 1270 magni-

118 1283 133 1327 2
149 1278 230 1327 Haud
243 1279 322 1328 facile
339 1282 446 1330 animus
464 1296 558 1330 verum
575 1282 663 1344 provi·
675 1255 677 1303 ¹
690 1281 756 1330 tudo
773 1281 878 1331 sceleris
895 1283 1017 1332 omnium
1034 1284 1142 1346 ingenis
1156 1299 1201 1333 ex-

147 1355 202 1416 det,
216 1356 262 1404 ubi
278 1356 325 1406 illa
342 1357 474 1418 officiunt,
488 1372 574 1421 neque
591 1358 664 1421 quis
689 1364 807 1420 superet,
822 1359 853 1408 iis
866 1360 997 1410 utendum
1014 1373 1118 1420 censeo,
1131 1375 1200 1423 quae

147 1445 230 1494 quam
250 1434 371 1483 omnium
395 1434 509 1484 lubidini
532 1434 613 1484 simul
636 1439 663 1484 et
689 1432 957 1498 legibuscomparata
972 1444 1043 1486 sunt.
1077 1436 1199 1500 Plerique
1223 1445 1238 1490 9

118 1509 209 1558 3usui
221 1509 317 1570 paruit.
354 1510 408 1560 Ubi
426 1511 574 1562 intenderis
591 1512 663 1575 inge
689 1523 791 1568 eorum,
816 1512 862 1574 qui
890 1518 953 1561 aute
981 1526 1024 1562 me
1052 1515 1200 1564 sententias

147 1585 234 1646 nium,
247 1585 331 1636 valet:
348 1588 370 1636 si
383 1587 474 1637 lubido
490 1588 618 1650 possidet,
631 1602 663 1639 ea
689 1587 825 1649 dixerunt,
848 1589 996 1651 composite
1024 1595 1105 1652 atque
1127 1605 1200 1653 mag-

147 1662 311 1724 dominatur‚
343 1665 452 1714 enimus
485 1664 554 1714 nihil
582 1664 660 1715 valet.
689 1663 768 1713 nlfice
796 1678 888 1714 casum
912 1666 950 1714 rei
978 1665 1100 1728 publicae
1123 1668 1201 1717 mise·

118 1743 134 1788 4
148 1738 248 1801 Magna
259 1739 327 1789 mihi
339 1741 416 1803 copia
428 1745 469 1790 est
484 1741 660 1803 memorandi,
689 1741 740 1788 rati
755 1747 831 1790 sunt:
847 1756 915 1804 quac
924 1741 985 1792 belli
997 1742 1110 1792 saevitia
1120 1749 1198 1803 esset,

148 1821 238 1878 patres
255 1817 407 1880 conscripti,
427 1819 473 1879 qui
490 1832 565 1882 reges
582 1825 663 1881 atquc
689 1830 756 1878 quae
779 1817 856 1866 victis
878 1817 1038 1880 acciderent,
1062 1831 1201 1868 enumere-

147 1892 239 1955 populi
250 1894 289 1942 ira
301 1899 348 1944 aut
359 1895 541 1944 misericordia
553 1895 662 1957 impulsi
690 1906 762 1941 vere:
780 1895 836 1956 rapi
850 1895 967 1958 virgines
984 1907 1090 1957 pueros,
1109 1895 1200 1945 divelli

135 1969 217 2034 male
228 1971 426 2021 consuluerint:
443 1972 488 2020 sed
499 1985 530 2020 ea
542 1971 613 2020 malo
624 1973 664 2022 di·
689 1969 785 2020 liberos
796 1986 812 2019 a
824 1977 966 2033 parentum
981 1971 1132 2034 complexu,
1146 1987 1201 2022 rna-

147 2060 214 2109 cere,
233 2062 301 2110 quae
324 2049 438 2098 maiores
461 2050 546 2099 nostri
569 2055 662 2099 contra
688 2052 741 2096 tres
759 2047 923 2096 familiarum
941 2048 997 2110 pati
1015 2062 1082 2110 quae
1096 2050 1202 2099 victori·

147 2123 296 2174 lubidinem
313 2125 397 2174 animi
421 2126 462 2175 sui
487 2131 557 2176 recte
581 2131 662 2189 atque
688 2125 736 2174 bus
754 2125 964 2186 conlubuissent,
978 2126 1042 2175 iana
1059 2135 1138 2190 atque
1155 2127 1202 2178 do-

118 2200 346 2251 bordineiecere.
383 2201 458 2251 Bello
477 2203 660 2264 Macedonico,
688 2216 746 2252 mos
778 2203 896 2264 spoliari,
926 2204 1043 2263 caedem,
1077 2205 1200 2254 incendia

147 2279 219 2342 quod
241 2294 303 2330 cum
325 2295 386 2343 rege
414 2281 493 2330 Perse
521 2282 659 2343 gessimus,
688 2279 752 2340 lieri,
767 2285 903 2341 postremo
917 2280 998 2328 armis
1016 2280 1198 2343 cadaveribus,

147 2355 315 2406 Rhodiorum
337 2358 432 2407 civitas
455 2372 553 2421 magna
580 2365 661 2421 atque
688 2356 1197 2420 cruoreatqueluctuomniacompleri.

147 2433 298 2496 magnilica,
327 2448 396 2496 quae
424 2435 516 2496 populi
546 2435 661 2484 Romani
687 2431 748 2492 Sed,
762 2446 810 2494 per
820 2432 884 2481 deos
902 2432 1069 2492 immortalis,
1084 2447 1137 2496 quo
1155 2434 1200 2484 illa
1210 2441 1238 2485 10

147 2510 242 2572 opibus
258 2516 386 2567 creverat,
404 2511 487 2560 infida
504 2517 531 2561 et
548 2511 662 2562 advorsa
687 2511 773 2560 oratio
790 2511 943 2574 pertinuit?
976 2511 1021 2560 An
1039 2512 1079 2560 uti
1097 2526 1144 2561 vos
1161 2512 1201 2562 in-

146 2587 224 2636 nobis
247 2587 312 2649 iuit;
341 2588 387 2637 sed
415 2594 558 2650 postquam
591 2588 661 2639 bello
687 2588 771 2637 festos
788 2587 968 2637 coniurationi
986 2587 1110 2638 iaceret?
1132 2590 1200 2639 scili-

131 2665 271 2714 'coniecto
298 2665 331 2714 de
358 2665 471 2714 Rhodiis
502 2665 658 2715 consultum
687 2670 729 2713 cet
745 2679 825 2727 quem
842 2678 883 2714 res
900 2669 977 2714 tanta
993 2670 1020 2713 et
1043 2669 1099 2713 tarn
1122 2671 1200 2716 atrox

146 2746 196 2798 est,
209 2742 323 2790 maiores
335 2743 429 2804 nostri,
444 2755 478 2790 ne
495 2743 554 2804 quis
571 2742 661 2791 diviti·
687 2755 742 2791 non
760 2741 901 2804 permovit,
919 2755 980 2790 eum
999 2742 1086 2791 oratio
1108 2756 1201 2792 accen-

146 2831 223 2866 arum
240 2819 325 2882 magis
342 2833 423 2880 quam
444 2819 558 2868 iniuriae
581 2832 660 2868 causa
686 2817 739 2867 det.
775 2817 838 2867 Non
853 2817 892 2868 lta
908 2823 956 2879 est,
970 2831 1057 2880 neque
1074 2819 1198 2880 cuiquam
1211 2826 1237 2870 11

146 2893 245 2943 bellum
264 2895 402 2956 inceptum
421 2895 529 2957 diceret,
543 2896 661 2957 impunl-
686 2893 841 2944 mortalium
853 2893 967 2944 iniuriae
979 2908 1043 2942 suae
1056 2907 1153 2956 parvae
1162 2897 1200 2944 vi-

115 2976 130 3020 6
146 2976 188 3020 tos
200 2986 244 3021 eos
256 2972 388 3022 dimisere.
424 2972 495 3022 Item
513 2972 591 3022 bellis
609 2973 661 3022 Pu·
686 2971 797 3033 dentur;
819 2970 899 3022 multi
922 2984 967 3020 eas
989 2972 1097 3033 gravius
1113 2986 1199 3034 aequo

145 3047 212 3098 uicis
224 3049 359 3110 omuibus,
373 3063 435 3098 cum
451 3062 531 3111 saepe
548 3048 661 3098 Cartha·
686 3047 811 3096 habuere.
841 3047 892 3098 Sed
902 3047 955 3098 alia
962 3047 1022 3097 allis
1031 3047 1140 3097 licentia
1148 3056 1197 3108 est,
1209 3057 1237 3102 12

144 3124 279 3186 ginienses
289 3129 316 3174 et
327 3126 356 3173 in
369 3139 434 3187 pace
447 3130 473 3174 ct
484 3139 532 3188 per
541 3125 660 3174 indutias
686 3128 775 3186 patres
786 3124 939 3187 conscripti.
975 3123 1028 3184 Qui
1043 3124 1152 3174 demissi
1170 3126 1198 3174 in

145 3201 231 3250 multa
250 3202 355 3251 nefaria
377 3203 499 3252 facinora
521 3202 657 3264 iecissent,
686 3201 798 3251 obscuro
826 3202 909 3250 vitam
938 3201 1048 3262 babent,
1079 3202 1101 3250 si
1134 3203 1198 3265 quid

144 3291 292 3340 numquam
302 3279 351 3340 ipsi
362 3292 409 3341 per
418 3279 586 3328 occasionem
594 3279 659 3328 talia
686 3277 825 3327 iracundia
841 3277 986 3340 deliquere,
1000 3279 1078 3340 pauci
1096 3280 1199 3341 sciunt;

144 3353 243 3404 iecere:
253 3355 339 3418 magis
347 3356 410 3417 quid
421 3369 449 3404 se
457 3355 568 3418 dignum
579 3355 656 3417 foret,
685 3354 759 3403 fama
776 3359 856 3416 atque
873 3355 984 3404 fortune
1006 3368 1099 3404 eorum
1121 3370 1198 3417 pares

144 3445 226 3492 quem
238 3431 302 3494 quid
314 3431 342 3479 in
360 3431 419 3480 illos
430 3432 490 3494 jure
502 3431 559 3480 fieri
569 3437 659 3493 posset
685 3438 761 3482 sunt:
781 3432 827 3493 qui
839 3445 938 3496 magno
950 3433 1063 3494 imperio
1082 3433 1198 3495 praediti

116 3507 319 3569 rquaerebant.
685 3509 714 3556 ln
731 3507 836 3556 excelso
856 3513 973 3556 aetatem
993 3513 1087 3570 agunt,
1106 3523 1198 3559 eorum

177 3583 238 3634 Hoc
244 3585 310 3634 item
319 3585 394 3634 vobis
402 3584 600 3647 providendum
608 3590 656 3645 est,
685 3585 757 3634 iacta
769 3586 859 3634 cuncti
870 3584 997 3634 mortales
1013 3599 1119 3635 novere.
1154 3586 1198 3636 Ita
1208 3588 1236 3633 13

145 3665 234 3721 petros
243 3661 397 3723 conscripti,
409 3675 443 3710 ne
453 3660 515 3724 plus
526 3661 599 3724 apud
611 3675 658 3712 vos
685 3662 713 3710 in
726 3675 852 3710 maxuma
861 3661 971 3711 fortuna
982 3661 1106 3711 minuma
1118 3662 1198 3712 licen-

145 3735 234 3786 valeat
245 3737 275 3786 P.
287 3737 395 3788 Lentuli
403 3745 430 3786 et
442 3743 592 3788 ceterorum
604 3751 658 3787 sce·
684 3739 723 3786 tia
730 3742 782 3793 est:
794 3751 881 3800 neque
890 3737 997 3786 studere
1005 3751 1092 3800 neque
1100 3739 1196 3802 odisse,

146 3809 187 3862 lus
199 3826 282 3878 quom
293 3818 384 3864 vostra
395 3813 522 3878 dignitas,
537 3827 592 3864 neu
603 3827 659 3864 ma·
684 3813 730 3864 sed
738 3813 857 3866 minume
863 3813 942 3866 irasci
949 3813 1038 3866 decet:
1049 3827 1118 3882 quae
1125 3815 1197 3882 apud
1206 3816 1236 3867 14
