2838 4380
256 302 320 373 440
605 315 677 369 rao
699 316 729 370 r.
754 315 879 386 sasrro
902 314 1051 369 oaarrc.

308 513 417 577 neque
433 490 568 555 adiutor
588 492 619 556 ci
644 490 682 553 Ρ.
700 489 829 588 Sestius
854 489 896 553 ad
919 484 1136 554 excitandum
1155 484 1356 566 Antonium,

256 593 286 658 ac
307 595 559 672 cohortandum,
583 593 817 671 accusandum,
841 592 1071 679 inpellendum
1100 591 1235 668 fuisset,
1261 593 1358 658 datus

306 700 366 764 illo
382 701 417 764 in
432 700 521 765 bello
537 708 626 764 esset
641 699 744 764 hiemi
760 699 866 775 locus,
884 720 994 783 neque
1018 717 1180 781 umquam
1196 696 1357 782 Catilina,

307 827 382 870 cum
399 825 417 869 e
433 805 554 889 pruina
569 803 765 888 Appennini
781 811 882 888 atque
899 825 916 867 e
932 801 1067 867 nivibus
1083 802 1151 866 iilis
1167 802 1360 867 emersisset

307 917 408 994 atque
425 916 585 974 aestatem
602 909 767 995 integram
783 914 926 972 nanctus
943 906 1061 972 Italiae
1078 906 1173 972 callis
1192 913 1229 971 et
1252 914 1361 991 pasto

307 1034 381 1077 rum
396 1013 530 1078 stabula
545 1033 786 1098 praeoccupare
799 1012 974 1097 coepisset,
985 1011 1058 1087 sine
1071 1010 1179 1074 multo
1191 1011 1360 1096 sanguine

255 1132 284 1178 25
306 1139 344 1182 ac
368 1118 439 1182 sine
463 1118 567 1182 totius
593 1117 712 1182 Italiae
737 1117 897 1182 vastitate
928 1116 1126 1190 miserrima.
1143 1114 1360 1180 concidisset.

257 1221 293 1286 13
306 1221 408 1286 Hunc
424 1222 530 1308 igitur
543 1222 691 1286 animum
715 1220 840 1286 adtulit
862 1220 905 1286 ad
928 1219 1136 1286 tribunatum
1158 1219 1197 1282 Ρ.
1216 1217 1360 1294 Sestius,

307 1332 346 1390 ut
362 1334 577 1410 quaesturam
596 1324 813 1390 Macedoniae
837 1325 1026 1410 relinquam
1049 1332 1085 1389 et
1106 1322 1299 1408 aliquando
1321 1323 1362 1388 ad

306 1429 387 1493 haec
403 1431 557 1514 propiora
573 1430 714 1494 veniam.
762 1428 975 1512 Quamquam
999 1449 1067 1493 non
1094 1435 1146 1492 est
1169 1426 1362 1492 omittenda

305 1533 488 1618 singularis
505 1533 565 1596 ilia
577 1532 753 1618 integritas
766 1532 993 1616 provincialis,
1007 1532 1104 1599 cuius
1121 1551 1183 1616 ego
1199 1551 1317 1614 nuper
1329 1532 1362 1594 in

255 1648 284 1696 30
307 1635 504 1700 Macedonia
515 1635 585 1701 vidi
596 1637 740 1722 vestigia
750 1657 816 1700 non
828 1657 940 1721 pressa
950 1636 1073 1711 leviter
1081 1633 1124 1698 ad
1136 1634 1255 1720 exigui
1270 1657 1363 1720 prae

307 1737 508 1804 dicationem
520 1741 688 1825 temporie,
702 1739 761 1804 scd
773 1739 840 1804 fixa
852 1739 894 1804 ad
910 1739 1103 1813 memoriam
1118 1737 1211 1802 iilius
1224 1740 1364 1822 provin·

306 1844 376 1908 ciac
386 1846 640 1929 sempiternam3
654 1865 769 1909 verum
778 1843 859 1908 haec
871 1843 918 1908 ita
928 1851 1184 1928 praetereamus,
1194 1849 1363 1909 uttamen

306 1948 477 2014 intuentes
494 1956 529 2014 et
544 1956 770 2033 respectantes
790 1948 1041 2032 relinquamus;
1065 1946 1108 2010 ad
1130 1944 1362 2026 tribunatum,

305 2053 364 2137 qui
378 2053 447 2138 ipse
460 2052 503 2116 ad
515 2075 588 2118 sese
601 2054 667 2118 iam
680 2052 807 2117 dudum
821 2059 921 2118 vocat
932 2059 967 2116 et
977 2050 1123 2137 quodam
1135 2050 1235 2114 modo
1248 2051 1364 2118 absor·

253 2170 282 2217 35
305 2156 363 2222 bet
374 2159 556 2222 orationem
567 2178 684 2235 meam,
697 2164 855 2222 contento
865 2155 978 2221 studio
989 2177 1156 2240 cursuque
1167 2155 1362 2222 veniamus.

337 2320 438 2371 19-21.
462 2321 600 2370 adiutor:
618 2320 661 2371 ior
677 2327 759 2371 trans.
779 2322 812 2371 cf.
837 2321 906 2371 least
922 2321 1000 2371 those
1016 2321 1045 2371 oi
1062 2320 1164 2384 Apulia
1177 2319 1234 2381 (see
1250 2337 1290 2372 on
1303 2323 1360 2374 ΙΙΙ.

239 2428 241 2432 >
303 2398 352 2460 Ep.
365 2399 502 2448 111.1.15.
537 2397 630 2447 datus
648 2435 653 2446 .
671 2435 676 2446 .
695 2435 700 2445 .
717 2397 815 2455 locus,
837 2397 882 2446 14.
895 2396 948 2460 20),
963 2412 1031 2447 were
1044 2398 1162 2460 thought
1173 2403 1204 2447 to
1214 2398 1251 2448 be
1266 2400 1361 2450 favor·

305 2473 395 2537 ‘piace
413 2473 499 2524 would
516 2475 585 2525 have
603 2476 670 2525 been
688 2476 768 2538 given
786 2480 815 2524 tc
837 2474 897 2525 able
914 2482 942 2524 to
954 2475 1097 2525 Catilina’s
1109 2474 1197 2538 pians.

303 2551 399 2601 winter
415 2551 444 2600 in
461 2551 522 2600 that
533 2552 615 2601 warz’
634 2553 669 2601 cf.
682 2553 729 2600 the
744 2552 811 2614 ling.
868 2552 930 2613 §la
944 2551 1046 2601 26-29.
1064 2551 1158 2600 Hunc
1168 2551 1323 2610 animum,
1331 2563 1362 2604 at

305 2626 381 2689 ‘give
388 2627 463 2690 place
472 2634 500 2677 tc
509 2628 588 2690 one3’
608 2629 662 2687 i.e.,
673 2628 726 2676 had
736 2629 757 2677 it
767 2633 814 2677 not
836 2626 973 2678 described
986 2629 1037 2690 in§
1047 2630 1084 2677 12.
1094 2629 1134 2678 20.
1159 2631 1231 2676 ut..
1245 2630 1363 2679 ‚relin-

302 2703 370 2752 been
381 2704 425 2753 ior
435 2704 537 2754 Sestius
549 2703 602 2753 and
615 2704 746 2764 Petreius,
759 2704 815 2753 An·
837 2716 929 2766 quam
940 2741 946 2752 .
958 2741 963 2752 .
976 2741 981 2752 .
994 2705 1132 2754 veniam:
1150 2705 1193 2754 ior
1202 2707 1253 2756 the
1264 2707 1362 2758 clause

301 2781 392 2830 tonius
402 2779 490 2830 would
502 2780 571 2829 have
583 2780 670 2830 seized
683 2793 755 2842 upon
768 2781 813 2830 the
836 2782 870 2830 ci.
881 2782 930 2843 Ep.
941 2781 1052 2830 XXIII.
1061 2781 1087 2828 1.
1095 2780 1119 2830 4.
1142 2785 1362 2842 quaesturam.

301 2855 435 2906 exeuseoi
442 2856 642 2918 wintertostop
650 2858 811 2918 operariam,
837 2858 864 2907 in
893 2859 1061 2917 Macedonia,
1087 2858 1174 2908 under
1197 2857 1362 2910 Antonius:

301 2932 355 2982 aad
373 2932 491 2982 Catilina
508 2932 596 2981 would
614 2933 683 2981 have
701 2934 812 2994 escaped
836 2949 879 2983 see
898 2935 946 2998 Ep.
969 2935 1006 2984 11.
1030 2935 1098 2996 Sol„
1114 2935 1167 2984 and
1182 2949 1209 2997 p.
1225 2935 1270 2996 69,
1285 2937 1302 2998 5
1318 2937 1361 2990 75.

300 3008 371 3058 irem
395 3010 441 3057 the
463 3013 524 3070 trap
546 3008 574 3057 in
594 3008 683 3057 which
705 3009 740 3058 he
759 3023 814 3060 was
836 3009 1042 3073 Quamquam:
1061 3026 1108 3061 use
1121 3012 1199 3060 when
1213 3011 1275 3062 first
1294 3014 1363 3063 ina

301 3086 413 3147 caught:
431 3098 475 3136 see
492 3098 517 3146 p.
537 3085 576 3145 38,
591 3084 605 3145 ς
622 3085 666 3146 68;
682 3085 746 3134 Exc.
761 3085 811 3135 IV.
836 3088 984 3138 sentence?
1017 3087 1180 3148 integritas
1194 3088 1365 3149 provinci-

301 3160 414 3211 sta-5.
472 3205 474 3212 ,
549 3205 553 3216 ,
836 3163 1112 3226 aiis:sceon§'i.25.
1142 3175 1260 3225 nuper:
1275 3166 1364 3216 when

332 3237 433 3286 22-24.
450 3248 523 3286 cum
545 3272 550 3284 .
573 3272 578 3284 .
602 3272 607 3284 .
628 3237 813 3295 emersisset.
836 3254 890 3290 was
903 3240 996 3292 Cicero
1007 3241 1035 3290 in
1048 3240 1232 3290 Macedonia?

301 3312 441 3374 ‘.when(=
452 3314 482 3373 ii)
493 3314 814 3377 hehadcnceemerged.’
868 3316 969 3366 32-35.
985 3318 1032 3366 ita
1048 3353 1053 3364 .
1071 3353 1077 3364 .
1094 3353 1100 3364 .
1117 3320 1167 3366 ut:
1189 3331 1219 3366 as
1245 3318 1275 3367 in
1296 3320 1313 3382 ξ
1337 3321 1362 3370 8,

300 3389 432 3450 pruina.
449 3425 455 3437 .
472 3425 478 3437 .
495 3389 636 3439 nivibus:
658 3391 692 3439 ei.
713 3391 749 3439 II.
769 3390 813 3440 2³.
835 3394 874 3444 41.
906 3394 1066 3444 intuentes
1078 3397 1112 3443 et
1122 3397 1364 3455 respectantes

300 3466 339 3516 36.
374 3465 484 3515 Italiae
499 3466 656 3525 callis,the
671 3469 813 3516 mountain
837 3470 975 3534 ‘noticing
1002 3471 1055 3520 and
1082 3470 1195 3532 looking
1222 3471 1302 3522 back
1334 3479 1365 3523 at

300 3559 392 3606 passas
415 3546 474 3595 into
497 3545 576 3607 Gaui,
601 3552 630 3596 to
654 3560 747 3596 secure
770 3548 813 3596 his
836 3547 929 3597 tirem!
964 3547 1026 3596 iam
1043 3546 1162 3595 dudum
1178 3550 1296 3597 vocat:
1318 3549 1367 3600 for

300 3627 398 3671 retreat
417 3622 439 3671 if
459 3636 609 3686 necessary.
651 3626 813 3685 pastorum
835 3629 911 3674 tense
930 3624 965 3674 cf.
991 3624 1013 3674 I.
1037 3622 1083 3672 12.
1105 3623 1145 3672 31.
1190 3622 1365 3682 absorbet.

300 3697 432 3755 stabula,
441 3698 583 3748 aasheiter
591 3699 635 3748 ior
645 3699 688 3748 his
700 3713 772 3761 men,
784 3700 811 3748 in
836 3699 982 3750 ‘swailcws
1006 3699 1069 3762 upz'
1096 3700 1142 3748 the
1165 3701 1367 3762 metaphoris

300 3771 353 3822 lieu
370 3774 399 3822 oi
425 3774 473 3824 the
495 3775 559 3824 huts
582 3775 612 3823 oi
640 3776 687 3824 the
717 3779 811 3826 costra
833 3775 1093 3838 ircmawhirlpooi.
1129 3777 1290 3825 contento
1311 3813 1318 3826 .
1337 3812 1368 3827 ..

300 3851 420 3912 stativa;
437 3850 550 3914 besides,
569 3851 616 3900 the
630 3854 766 3915 pastores,
782 3857 811 3902 at
833 3864 939 3901 cursu:
957 3852 992 3902 ci.
1006 3853 1076 3902 Mur.
1090 3849 1135 3898 ³3.
1147 3851 1187 3904 tt.
