2870 4376
236 337 301 410 490
582 349 655 408 000
677 349 708 408 r.
733 349 858 408 00000
881 351 1030 409 orioro.

290 528 440 606 eandem,
454 528 640 594 libertatem
656 551 721 592 non
740 528 877 594 eandem
896 549 1027 614 semper
1041 529 1209 596 habuisse.
1248 529 1337 596 Nam

290 657 332 698 ex
352 653 473 699 novem
497 632 653 709 tribunis,
671 655 755 718 quos
782 640 863 698 tunc
887 632 1076 711 habueram,
1090 655 1178 700 unus
1206 658 1259 700 me
1284 635 1339 700 ab

235 759 263 804 15
285 746 380 804 sente
412 735 566 813 defluxit,
591 739 650 822 qui
675 759 859 823 cognomen
892 737 956 802 sibi
984 760 1025 802 ex
1054 739 1230 803 Aeliorum
1259 741 1338 803 ima-

288 842 423 930 ginibus
450 842 602 926 arripuit,
627 863 695 927 quo
722 845 828 928 magis
857 843 1004 907 nationis
1033 844 1105 908 eius
1133 861 1204 908 esse
1233 865 1337 929 quarn

236 951 274 1014 70
285 948 417 1033 generis
455 945 637 1011 videretur.
700 946 774 1010 Hoc
813 947 919 1033 igitur
956 967 1044 1011 anno
1082 947 1337 1034 magistratibus

289 1053 384 1117 novis
411 1049 595 1137 designatis
621 1070 699 1114 cum
722 1072 836 1115 omnes
860 1049 938 1114 boni
969 1073 1102 1116 omnem
1127 1073 1220 1137 spem
1246 1051 1340 1115 meii-

288 1158 354 1220 0ris
393 1163 503 1220 status
535 1155 569 1217 in
600 1176 715 1219 eorum
752 1153 852 1219 fidem
890 1155 1146 1233 convertissent,
1178 1155 1338 1240 princeps

233 1279 262 1324 ao
285 1260 324 1322 P.
349 1259 515 1324 Lentulus
550 1260 749 1324 auctoritate
782 1280 819 1323 ao
851 1259 1020 1324 sententia
1054 1281 1115 1324 sua
1146 1259 1270 1324 Pisone
1303 1269 1341 1324 et

289 1363 433 1428 Gabinio
463 1361 731 1449 repugnantibus
762 1375 897 1427 causam
935 1364 1086 1448 suscepit
1122 1363 1339 1447 tribunisque

285 1468 331 1552 pl.
357 1475 432 1532 octo
459 1466 681 1532 referentibus
704 1468 1026 1552 praestantissimam
1052 1466 1094 1532 de
1125 1489 1177 1532 me
1204 1474 1341 1532 senten-

288 1573 369 1638 tiam
395 1571 492 1635 dixit.
540 1572 707 1651 Quicum
734 1571 777 1636 ad
801 1572 943 1659 gloriam
967 1593 1063 1636 suam
1087 1578 1188 1656 atque
1213 1570 1256 1635 ad
1272 1593 1342 1635 am·

287 1676 430 1762 piissimi
468 1675 620 1741 beneficii
659 1677 802 1763 gratiam
841 1677 948 1764 magis
996 1677 1165 1761 pertinere
1204 1674 1341 1740 videret

231 1797 260 1842 25
285 1801 419 1846 causam
435 1780 527 1844 illam
544 1782 709 1867 integram
734 1780 778 1844 ad
799 1799 899 1846 suum
923 1781 1139 1864 consulatum
1162 1781 1340 1855 reservari,

285 1893 397 1965 tamen
423 1906 493 1948 rem
520 1885 623 1948 talem
647 1906 706 1970 per
721 1885 803 1950 alios
827 1885 927 1950 citius
945 1906 1047 1971 quam
1071 1907 1132 1970 per
1146 1905 1181 1949 se
1205 1882 1341 1948 tardius

284 1988 402 2055 confici
419 1987 572 2053 malebat.
1136 2060 1138 2065 Ι

231 2097 268 2159 71
326 2110 465 2157 xxxiii.
497 2091 573 2170 Hoc
606 2094 742 2157 interim
774 2100 923 2178 tempore
949 2093 988 2156 Ρ.
1021 2091 1162 2168 Sestius,
1195 2092 1358 2170 iudices,

287 2195 484 2282 designatus
500 2195 565 2259 iter
580 2194 624 2258 ad
638 2195 677 2260 C.
691 2195 868 2261 Caesarem
884 2217 1031 2282 promea
1048 2197 1158 2261 salute
1175 2197 1341 2280 suscepit.

285 2298 378 2379 Quid
415 2299 533 2384 egerit,
565 2306 732 2382 quantum
770 2297 961 2383 profecerit,
993 2299 1080 2363 nihil
1118 2298 1163 2362 ad
1200 2319 1343 2364 causam

286 2401 463 2488 (equidem
489 2403 655 2477 existima
684 2404 712 2467 si
740 2403 808 2479 ille,
834 2412 874 2467 ut
903 2403 1055 2480 arbitror,
1080 2424 1211 2488 aequus
1240 2403 1344 2468 nobis

312 2595 413 2645 13-15.
431 2595 527 2645 Nam:
540 2601 655 2646 connect
664 2597 731 2646 with
739 2613 794 2648 aon
820 2599 868 2648 the
900 2599 1025 2663 proposal
1054 2599 1084 2649 01
1112 2599 1229 2649 October
1261 2597 1343 2660 aeth,

281 2675 404 2735 crevisse,
429 2671 447 2722 l.
474 2674 510 2723 10.
556 2676 639 2729 tunc,
658 2674 737 2723 when
760 2675 794 2724 he
821 2675 928 2738 already
941 2676 1098 2727 mentioned
1117 2677 1146 2724 in
1168 2673 1186 2724 1.
1205 2676 1221 2724 9
1239 2674 1343 2724 above.

281 2755 353 2801 went
362 2750 507 2800 intoexiie.
543 2761 729 2811 cognomen:
748 2752 794 2800 the
821 2762 900 2808 oum,
913 2753 1075 2802 concessive.
1117 2763 1173 2813 per
1185 2749 1265 2799 elios
1284 2751 1346 2801 and

280 2828 389 2877 tribune
398 2827 449 2875 had
459 2826 647 2888 appropriated
658 2828 703 2876 the
715 2841 794 2877 name
821 2839 876 2888 per
888 2840 923 2877 se
935 2830 1040 2878 arethe
1052 2828 1190 2892 emphatic
1202 2827 1305 2877 werde.

280 2903 368 2965 11000
381 2905 408 2952 10
419 2903 499 2952 order
510 2908 538 2952 to
553 2916 616 2964 pass
627 2903 670 2952 ior
682 2918 697 2952 a
711 2918 795 2954 mem-

281 2979 374 3030 heroi
396 2980 443 3028 the
461 2979 628 3028 aristocratic
650 2981 746 3043 family
766 2981 795 3031 oi
853 2976 917 3034 571.
937 2977 999 3026 1-4.
1025 2977 1096 3028 Hoc
1113 2977 1240 3028 interim
1259 2979 1348 3028 tem·

261 3091 262 3096 =
280 3057 329 3106 the
350 3054 426 3106 Aelii
446 3055 570 3116 Lipares.
619 3056 712 3107 Cicero
735 3071 794 3120 says
821 3065 904 3114 pore,
917 3053 963 3102 the
980 3053 1047 3102 time
1064 3053 1185 3102 between
1203 3053 1251 3101 the
1269 3051 1348 3103 eiec-

280 3133 316 3182 he
327 3147 382 3182 was
400 3132 492 3181 rather
503 3134 637 3195 supposed
657 3139 686 3183 to
698 3133 795 3196 belong
821 3129 879 3179 tion
892 3129 921 3179 01
937 3129 1041 3180 Sestius
1053 3129 1107 3178 and
1123 3130 1171 3178 the
1188 3128 1351 3193 beginning

281 3214 310 3257 to
329 3209 376 3257 the
395 3209 568 3259 treacherous
586 3211 682 3258 nation
700 3210 729 3258 of
748 3211 794 3260 tire
822 3206 851 3256 of
867 3206 910 3254 his
927 3210 1005 3268 term,
1030 3206 1180 3256 December
1197 3205 1270 3256 loth.
1311 3206 1349 3256 0.

282 3283 731 3348 [1000100001(101110010010100.
823 3280 1047 3330 Caesarem:
1072 3281 1263 3343 themeeting
1286 3295 1351 3334 was

312 3357 358 3407 16.
381 3370 444 3419 quo
461 3394 467 3406 .
485 3395 490 3406 .
509 3395 514 3407 .
531 3360 698 3418 videretur.
713 3360 795 3410 ‘with
822 3356 952 3418 probably
969 3356 998 3404 10
1017 3355 1107 3405 Gallia
1125 3355 1280 3418 Clealpina:
1300 3371 1351 3407 see

279 3435 328 3484 the
350 3434 433 3484 result
449 3435 518 3496 that,
532 3437 603 3496 etc.,'
625 3437 672 3486 the
692 3437 760 3499 subj.
773 3437 796 3486 is
822 3433 870 3481 the
888 3432 940 3482 last
958 3437 1085 3482 sentence
1105 3433 1132 3481 in
1152 3432 1228 3482 Caes.
1247 3431 1304 3482 Bk.
1320 3434 1348 3483 1.

280 3510 461 3572 consecutive,
474 3516 524 3560 not
536 3511 608 3561 11001.
658 3531 660 3533 ·
823 3507 906 3566 Quid
918 3508 1028 3569 egerit:
1046 3508 1090 3558 ior
1101 3508 1229 3572 meaning
1238 3507 1276 3557 01.
1290 3509 1350 3560 IV.

313 3584 377 3645 sio.
395 3583 497 3633 17-26.
515 3585 586 3634 Hoc
602 3584 696 3647 igitur
707 3598 796 3644 anno,
822 3584 868 3633 12.
880 3584 923 3634 36:
941 3584 1072 3635 translate
1088 3584 1155 3634 each
1168 3583 1260 3633 clause
1280 3585 1319 3648 by
1333 3601 1354 3636 a

280 3659 324 3721 583
341 3659 488 3720 formiter
505 3674 549 3709 see
566 3659 726 3711 oniam.
764 3661 796 3708 P.
823 3673 912 3710 noun:
935 3661 969 3710 01.
984 3661 1014 3723 ἧς
1026 3662 1065 3711 66.
1085 3661 1130 3723 21;
1147 3659 1186 3710 62.
1203 3660 1228 3710 8.
1264 3661 1355 3710 nihil

279 3733 430 3783 Lentulus
459 3734 597 3797 Spinther,
625 3735 686 3784 who
713 3735 797 3798 spolie
824 3736 865 3786 ad
888 3748 1029 3787 caueam:
1052 3751 1088 3789 00.
1110 3739 1198 3787 ector
1221 3739 1355 3801 attiaet5

280 3809 480 3861 flrstascocaul
489 3811 657 3873 (1001000100,
667 3826 710 3861 see
719 3827 744 3874 p.
756 3813 796 3874 75,
825 3814 872 3863 the
884 3812 987 3877 ellipsis
999 3815 1021 3864 is
1037 3815 1113 3878 quite
1128 3812 1245 3876 regrum.
1283 3813 1355 3870 ille,

279 3887 293 3948 ς
306 3885 361 3936 106.
384 3884 518 3934 tribunis
531 3922 536 3934 .
549 3921 555 3933 .
567 3921 573 3934 .
584 3884 798 3946 referentibus,
826 3889 933 3940 caesar.
