2876 4378
457 319 536 370 cnr.
561 321 649 381 raca,
675 321 688 381 s
712 321 798 370 eoas.
1130 307 1192 373 591
1286 353 1288 362 ι

94 490 281 557 sedetiam
305 491 438 556 senatui
462 491 638 567 commisit,
663 513 771 576 neque
795 494 927 558 senatui
950 491 1058 570 mod0,
1082 493 1142 558 sed

94 598 198 661 etiam
230 596 372 681 publicis
399 595 572 681 praesidiis
604 604 638 660 et
660 598 768 672 armis,
794 618 903 682 neque
927 597 978 662 his
1002 605 1143 674 tanturn,
1169 615 1196 660 10

96 722 214 766 verum
245 701 346 764 etiam
377 701 449 764 eius
480 701 649 784 potestati,
682 702 736 764 oui
767 709 903 765 senatus
935 709 1040 765 totam
1074 724 1142 766 rem

95 802 275 886 publicam,
304 823 436 866 omnem
467 801 583 865 Italiae
615 803 746 886 pubem,
779 810 901 867 cuncta
932 805 1048 888 populi
1081 806 1143 869 Ro-

96 907 188 969 mani
204 928 294 970 arma
316 907 546 980 commiserat3
571 908 627 969 cui
652 929 832 992 numquam
856 929 891 971 se
915 907 968 971 hic
992 907 1143 992 profecto

96 1009 300 1085 tradidisset,
313 1011 376 1073 nisi
393 1031 511 1074 causae
525 1031 604 1074 suae
618 1009 810 1085 confideret,
825 1011 1019 1096 praesertim
1032 1013 1143 1076 omnia

95 1113 259 1190 audienti,
284 1135 404 1200 magna
429 1115 602 1190 metuenti,
620 1114 726 1177 multa
749 1116 942 1199 suspicanti,
960 1137 1027 1179 non
1051 1118 1145 1180 nulla
1168 1133 1197 1178 15

97 1217 256 1282 credenti.
304 1218 428 1304 Magna
441 1219 492 1282 vis
510 1225 561 1282 est
576 1219 808 1294 conscientiae,
822 1219 959 1294 iudices,
973 1228 1007 1284 et
1024 1241 1144 1305 magna

95 1322 131 1384 in
149 1329 324 1406 utramque
348 1330 486 1407 partem,
506 1331 544 1385 ut
568 1343 675 1406 neque
701 1322 849 1398 timeant,
868 1324 926 1406 qui
951 1323 1035 1386 nihil
1058 1345 1144 1387 oom-

96 1426 259 1501 miserint,
277 1433 311 1490 et
326 1447 467 1510 poenam
483 1448 613 1508 semper
628 1433 705 1489 ante
730 1426 843 1489 oculos
862 1428 985 1490 versari
1009 1412 1141 1510 putent,

96 1531 157 1613 qui
189 1531 367 1614 peccarint.
414 1528 532 1612 Neque
566 1551 644 1592 vero
676 1530 746 1592 sine
780 1531 906 1594 ratione
930 1539 1020 1594 certa
1047 1535 1196 1596 oausa62

98 1631 235 1696 Milonis
252 1653 416 1716 sempera
432 1640 551 1696 senatu
569 1632 705 1717 probata
723 1640 782 1696 est.
833 1632 1001 1697 Videbunt
1017 1636 1145 1718 sapien·
1168 1645 1197 1690 20

96 1736 217 1799 tissimi
240 1735 389 1800 homines
412 1735 493 1800 facti
517 1736 687 1810 rationem,
712 1739 932 1820 praesentiam
956 1739 1066 1813 animi,
1091 1738 1145 1802 de·

97 1839 258 1904 tensionis
289 1841 520 1904 constantiam.
568 1840 622 1902 An
654 1861 732 1903 vero
761 1840 856 1904 obliti
885 1841 976 1916 estis,
1006 1840 1142 1917 iudices

96 1944 222 2008 recenti
236 1944 294 2008 illo
307 1945 427 2008 nuntio
440 1945 530 2008 necis
544 1943 725 2008 Clodianae
744 1965 809 2007 non
823 1943 921 2007 modo
934 1945 1142 2009 inimicorum

96 2048 234 2112 Milonis
250 2070 418 2113 sermones
434 2056 470 2112 et
485 2049 668 2133 opiniones,
685 2047 744 2111 sed
762 2070 827 2111 non
849 2048 1018 2112 nullorum
1043 2052 1143 2114 etiarn
1167 2073 1196 2118 m

96 2153 350 2237 imperitorum?
395 2151 572 2238 Negabant
596 2173 673 2216 eunr
691 2153 828 2215 Romam
853 2174 924 2216 esse
950 2153 1197 2219 rediturum&

96 2255 174 2322 Sive
213 2257 303 2320 euim
332 2255 419 2319 illud
450 2257 559 2319 animo
591 2257 674 2319 irato
705 2277 741 2318 ac
774 2257 899 2340 percito
930 2256 1073 2327 iecisset,
1106 2267 1144 2320 ut

96 2361 253 2426 incensus
278 2359 355 2424 odio
382 2359 565 2424 trucidaret
590 2360 771 2433 inimicum,
797 2359 1045 2424 arbitrabantur
1068 2383 1143 2424 enm

98 2466 184 2530 tanti
206 2471 346 2529 mortem
370 2463 407 2526 P.
426 2463 523 2527 Clodi
547 2471 751 2548 putassent
773 2485 880 2547 aequo
904 2465 1014 2526 animo
1037 2467 1144 2549 patria

97 2575 233 2644 careret,
255 2589 331 2632 oum
355 2568 518 2653 sanguine
544 2568 668 2630 inimici
695 2567 864 2650 explesset
888 2566 1002 2629 odium
1025 2589 1142 2640 sunm;

96 2672 167 2738 sive
191 2673 292 2737 etiam
316 2672 406 2736 illius
431 2679 536 2735 morte
561 2672 701 2755 patriam
725 2671 862 2734 liberare
888 2672 1059 2743 voluisset,
1078 2693 1144 2734 non
1167 2691 1197 2736 ao

96 2777 328 2842 dubitaturum
361 2775 482 2840 fortem
515 2777 635 2852 virum,
668 2777 759 2859 quin,
794 2796 872 2838 cum
902 2797 964 2838 suo
995 2775 1143 2858 periculo

97 2882 239 2945 salutem
282 2880 405 2964 populo
450 2881 599 2944 Romano
642 2879 822 2952 attulisset,
862 2877 995 2942 cederet
1033 2900 1141 2962 aequo

97 2987 207 3048 animo
237 2983 379 3070 legibus
402 3005 515 3048 seeum
546 2982 694 3046 auferret
725 2983 865 3068 gloriam
896 2983 1142 3067 sempiternam.

98 3089 191 3153 vobis
222 3087 302 3152 haec
329 3087 471 3151 fruenda
501 3087 717 3170 relinqueret,
743 3107 828 3170 quae
859 3087 930 3169 ipse
968 3098 1141 3150 servasset.

97 3235 128 3284 lo
156 3233 320 3290 commisit,
345 3234 398 3292 i.e.,
429 3239 501 3282 went
525 3233 608 3281 about
666 3231 731 3292 §63
750 3229 851 3280 26-34.
874 3230 954 3280 illud
965 3232 1147 3288 fecsseetut

98 3325 197 3372 among
219 3311 307 3358 them:
330 3310 364 3358 cf.
390 3309 457 3358 Sest.
480 3308 546 3357 116.
566 3309 605 3358 26.
632 3343 638 3354 .
655 3342 661 3354 .
679 3343 684 3354 .
702 3306 882 3364 trucidaret,
895 3321 912 3356 a
923 3321 995 3357 mere
1007 3308 1146 3370 periphra-

97 3386 260 3449 praccidils
269 3389 301 3434 ct
310 3385 402 3433 armis
411 3397 416 3431 :
426 3384 608 3447 figerereius,
633 3385 670 3432 sis
682 3383 724 3432 ior
736 3385 808 3433 wlrat
820 3398 871 3434 one
884 3385 980 3434 word?
1012 3396 1076 3434 uon
1091 3384 1147 3434 du·

98 3464 254 3524 Ponrpelus:
272 3475 315 3511 see
327 3475 353 3524 p.
368 3461 408 3521 49,
422 3459 434 3518 ξ
447 3461 480 3510 90
490 3460 524 3508 ad
536 3461 596 3509 init.
633 3459 811 3517 bitaturum,
822 3460 896 3521 quin
909 3459 1043 3519 cederet,
1053 3475 1105 3510 one
1116 3462 1145 3510 of

129 3540 195 3598 562.
230 3537 330 3587 21-25.
354 3535 608 3594 factitationem,
633 3536 679 3584 the
702 3550 761 3585 rare
783 3537 939 3598 exceptions
961 3542 991 3586 to
1013 3537 1059 3586 the
1088 3538 1145 3586 rulo

98 3631 126 3666 as
137 3618 163 3666 in
174 3617 242 3665 Sest.
253 3614 298 3663 36.
309 3615 332 3662 2.
368 3625 432 3661 non
443 3612 539 3661 modo
557 3648 562 3659 .
580 3648 608 3660 ..
633 3614 712 3674 given
731 3627 767 3661 on
783 3614 803 3662 Ι.
825 3612 870 3660 17.
889 3615 921 3664 20
933 3612 979 3676 (cf.
1000 3614 1071 3675 §44⁸
1090 3613 1142 3676 35),

98 3692 166 3742 sed:
185 3695 245 3755 give
265 3693 311 3740 the
329 3689 454 3739 formula.
488 3688 610 3750 imperi-
634 3690 678 3736 for
708 3689 833 3738 dubitare
850 3712 875 3737 =
891 3690 1045 3740 ‘hesitate’
1092 3691 1145 3740 For

98 3773 206 3826 torum,
222 3768 315 3816 ‘those
330 3766 390 3816 who
405 3766 452 3816 did
464 3771 512 3815 not
529 3765 609 3817 know
634 3766 749 3814 another
757 3765 791 3814 cf.
802 3765 878 3814 Caes.
890 3765 926 3816 ΙΙ.
936 3767 962 3815 2.
969 3767 993 3814 ὅ.
1021 3765 1144 3823 haconis

96 3843 152 3900 lhis
164 3842 334 3904 oberosten)
634 3839 735 3892 iuSull.
746 3839 1141 3906 ⁷6.33;1v.16.1a;1.21.4a
