2876 4378
438 309 518 361 car.
543 312 631 371 naa,
656 310 776 371 seona
1129 295 1193 360 589

88 507 179 571 quos
194 484 304 550 vivit?
351 483 426 548 Etsi
443 483 478 546 id
494 482 630 568 quidem
646 504 714 547 non
731 483 817 546 tanti
842 489 903 558 est,
921 503 1024 567 quam
1047 482 1139 567 quod

87 596 229 675 propter
247 575 381 652 eosdem
397 609 464 652 non
480 588 643 672 sanguine
660 595 694 650 et
710 586 908 651 vulneribus
931 588 1002 650 suis
1026 586 1140 652 erude-

88 694 211 759 lissimi
227 694 354 757 inimioi
382 700 529 757 mentem
553 692 736 776 oculosque
761 693 908 756 satiavit.
958 691 1051 770 Quos
1075 693 1139 756 nisi

87 819 194 862 manu
219 797 373 872 misisset,
400 797 575 862 tormentis
602 797 702 860 etiam
728 795 874 860 dedendi
902 795 1043 860 fuerunt
1066 819 1141 860 eon·
1165 814 1192 858 15

18 945 26 958 ·
87 909 278 968 servatores
308 901 445 976 domini,
478 900 603 965 ultores
634 900 779 976 sceleris,
812 899 1002 964 defensores
1036 902 1135 965 necis.

89 1006 159 1070 Hie
175 1027 253 1070 vero
278 1005 362 1068 nihil
378 1004 478 1070 habet
501 1006 536 1067 in
552 1004 604 1069 his
628 1005 734 1081 malis,
751 1004 843 1089 quod
866 1006 976 1067 minus
1000 1005 1138 1070 moleste

88 1110 189 1186 ferat,
206 1121 316 1195 quam,
335 1110 464 1174 etiamsi
491 1107 576 1193 quid
593 1109 656 1193 ipsi
680 1107 819 1185 aecidat,
839 1129 910 1172 esse
935 1116 1047 1172 tamen
1072 1109 1138 1172 illis

82 1215 248 1279 ‘meritum
300 1215 483 1298 praemium
526 1212 745 1297 persolutum.
808 1211 874 1276 Sed
921 1214 1135 1296 quaestiones
1152 1218 1191 1278 59

89 1323 215 1404 urgent
232 1317 403 1392 Milonem,
420 1337 505 1400 quae
521 1306 602 1380 sunt
618 1315 749 1380 habitae
766 1337 855 1380 nune
872 1317 907 1379 in
923 1317 1007 1379 atrio
1032 1315 1142 1380 Liber·
1164 1333 1193 1378 au

89 1423 183 1486 tatis.
231 1419 441 1500 Quibusnam
472 1419 514 1484 de
541 1420 673 1484 servis?
720 1421 854 1506 Rogas?
885 1419 925 1484 de
957 1419 996 1482 P.
1029 1419 1137 1486 Clodi.

91 1525 179 1605 Quis
189 1547 245 1590 eos
256 1524 466 1609 postulavit?
500 1525 643 1609 Appius.
679 1524 765 1602 Quis
775 1523 962 1608 produxit?
994 1525 1137 1610 Appius.

91 1629 218 1694 Unde?
261 1628 319 1693 Ab
330 1628 453 1713 Appio.
500 1627 546 1691 Di
558 1627 652 1692 boni!
678 1627 761 1712 quid
773 1635 884 1713 potest
895 1630 950 1715 agi
967 1629 1137 1693 severius?

90 1735 144 1798 De
169 1735 273 1798 servis
297 1733 392 1796 nulla
416 1734 489 1819 lege
514 1733 667 1816 quaestio
687 1739 740 1797 est
758 1733 792 1794 in
815 1730 988 1796 dominum
1010 1733 1073 1796 nisi
1096 1733 1138 1798 de

89 1841 224 1902 incestu
252 1839 311 1921 (ut
337 1837 405 1901 fuit
431 1839 466 1900 in
494 1835 663 1900 Clodium.
710 1835 866 1900 Proxime
894 1836 973 1902 deos
1000 1838 1141 1902 accessit
1162 1854 1192 1898 25

91 1941 242 2018 Clodius,
261 1943 397 2026 propius
417 1963 519 2026 quam
542 1949 721 2017 tumeam
744 1941 787 2005 ad
811 1942 900 2026 ipsos
924 1949 1136 2026 penetrarat3

89 2049 187 2112 ouius
204 2047 244 2112 de
262 2054 367 2110 morte
392 2055 564 2131 tamquam
587 2045 627 2110 de
656 2047 864 2111 caerimoniis
881 2047 1014 2110 violatis
1039 2068 1136 2130 quae-

89 2151 319 2234 1·itur)—sed
350 2159 463 2214 tamen
494 2151 633 2214 maiores
665 2151 772 2214 nostri
810 2152 845 2214 in
883 2150 1055 2215 dominum
1094 2151 1135 2215 de

90 2267 187 2320 servo
215 2257 331 2339 quaeri
359 2255 550 2329 noluerunt,
568 2275 636 2317 non
662 2255 744 2338 quin
771 2262 884 2339 posset
904 2277 1021 2319 verum
1048 2257 1138 2320 inve·

91 2359 166 2434 niri,
183 2359 243 2423 sed
258 2361 337 2443 quia
354 2358 532 2423 videbatur
548 2357 726 2444 indignum
743 2380 814 2422 esse
833 2367 867 2423 et
883 2358 1009 2422 domini
1034 2368 1138 2424 morte
1162 2375 1190 2418 aa

92 2464 163 2546 ipsa
179 2463 328 2537 tristius3
353 2464 387 2524 in
404 2483 499 2526 reum
514 2461 555 2526 de
572 2483 668 2526 servo
685 2465 886 2527 accusatoris
909 2484 985 2527 cum
1010 2465 1137 2548 quaeri-

122 2689 224 2738 12-18.
252 2689 286 2739 ld
303 2689 430 2751 quidem
441 2702 506 2739 non
522 2690 603 2738 tanti
626 2690 759 2752 governed
783 2691 819 2752 by
838 2693 969 2751 prosuae,
991 2690 1024 2739 A.
1047 2692 1092 2741 261
1112 2693 1139 2752 23

92 2764 602 2828 estete,‘andyetthis(i.e.‚oioere)
626 2766 658 2815 G.
677 2767 731 2815 ’356
760 2767 835 2816 Rem.
860 2767 888 2828 43
918 2767 952 2816 H.
978 2767 1023 2816 391
1051 2767 1087 2816 11.
1111 2781 1139 2827 ες

91 2845 114 2892 is
146 2848 196 2892 not
238 2843 325 2892 worth
368 2856 398 2892 so
440 2842 522 2892 much
564 2857 601 2900 as,
629 2841 661 2895 B.
673 2843 720 2892 141
733 2842 757 2894 3.

91 2918 151 2970 etc!
201 2919 268 2968 Cass
295 2919 325 2967 of
358 2919 451 2968 tanti?
501 2918 605 2968 defen·
657 2919 702 2968 26.
720 2919 761 2968 ad
772 2919 859 2981 ipsos
871 2923 1056 2981 penetrarat
1070 2920 1138 2969 ‘had

91 3008 205 3044 sores
224 2995 352 3043 necis:
373 2995 409 3045 cf.
429 2995 498 3044 Mur.
518 2994 601 3044 3.19.
625 2996 716 3046 forced
741 2996 785 3044 his
816 3010 874 3058 way
897 2997 955 3045 into
982 2998 1053 3046 their
1075 3011 1139 3058 very

92 3071 214 3121 etiamsi
231 3106 237 3119 .
255 3106 260 3118 .
278 3105 283 3118 .
302 3070 440 3120 accidat:
453 3085 540 3120 seeou
551 3071 602 3122 IV.
626 3073 770 3135 presence)

91 3147 116 3196 3.
129 3149 152 3200 7.
192 3166 194 3171 ·
657 3147 758 3198 28-30.
783 3149 916 3198 maiores
947 3151 1053 3207 nostrl
1085 3157 1135 3199 ete.

123 3222 604 3285 §59.19-25.qua0stiones.‘ex-
626 3225 684 3274 The
701 3231 843 3288 argument
868 3227 902 3275 is:
926 3227 953 3275 If
976 3241 1025 3274 our
1047 3241 1138 3276 ances-

93 3300 260 3361 arnination‚'
280 3299 309 3349 of
329 3299 375 3348 tlte
393 3299 479 3348 slaves
497 3300 526 3349 of
544 3300 604 3349 Clo·
625 3307 681 3351 tors
699 3301 829 3350 exelnded
847 3302 973 3351 enforeed
992 3304 1138 3365 testimony

93 3378 159 3426 dius.
212 3376 374 3437 Appius,
397 3391 413 3424 a
440 3377 552 3438 nephew
575 3377 604 3426 of
626 3379 705 3426 when
724 3379 770 3426 the
788 3378 864 3427 truth
884 3378 962 3427 could
984 3380 1015 3427 be
1033 3380 1137 3428 arrived

94 3451 209 3502 Clodius.
246 3451 343 3509 Unde,
356 3466 385 3500 as
400 3453 427 3502 in
442 3453 510 3501 Mur.
523 3452 569 3502 26.
578 3454 600 3502 8.
626 3461 662 3514 at,
687 3456 750 3503 how
772 3457 852 3504 much
877 3469 951 3504 more
979 3455 1075 3504 should
1099 3470 1138 3504 we

92 3529 227 3577 incestu:
251 3530 297 3578 the
321 3533 480 3578 statements
510 3528 538 3576 ln
565 3543 604 3578 re·
626 3531 737 3580 exclude
766 3533 786 3578 n
815 3531 842 3578 in
872 3531 926 3579 this
952 3545 1021 3590 case,
1049 3532 1138 3580 where

92 3605 154 3667 gard
172 3609 201 3654 to
218 3604 264 3654 the
282 3606 407 3666 quaestio
426 3605 458 3653 de
475 3607 558 3654 servis
574 3607 603 3654 in
626 3607 744 3656 Clodius'
774 3608 860 3656 slaves
889 3614 990 3657 cannot
1024 3609 1056 3656 be
1090 3619 1158 3674 err-¹

93 3681 118 3730 ll.
140 3681 179 3742 24,
200 3682 241 3741 25,
261 3695 306 3730 are
327 3687 376 3730 not
396 3686 464 3739 true,
483 3681 537 3730 and
559 3695 603 3730 are
626 3683 719 3744 peeted
748 3689 777 3732 to
804 3683 851 3732 tell
875 3684 921 3733 the
945 3685 1028 3732 trutlr.
1074 3696 1145 3732 non

93 3758 168 3806 made
196 3757 296 3820 merely
320 3763 348 3806 to
383 3757 522 3806 introduce
556 3759 604 3808 the
625 3759 722 3820 quin.
741 3794 745 3806 .
764 3759 1138 3824 .sedquia:seereis.ou

93 3833 170 3888 Bona
180 3833 240 3886 Dea
250 3831 315 3900 fling
323 3837 353 3886 at
363 3831 482 3888 Clodius.
518 3833 602 3896 deos,
626 3836 695 3888 Mur.
710 3836 735 3886 2.
747 3834 786 3892 at.
