2876 4378
233 276 298 341 584
495 286 567 338 rao
591 288 621 338 r.
647 286 767 338 armo
790 287 934 338 nicona
957 287 1105 340 oanrro.

286 463 396 543 Quem
411 460 517 546 pridie
544 461 624 525 hora
647 462 746 544 tertia
769 463 913 524 animam
937 461 1105 526 efflantem
1129 461 1343 546 reliquisset,

233 584 262 628 24
283 589 360 644 cum
406 573 576 630 mortuum
622 565 783 650 postridie
823 567 904 630 hora
941 565 1069 630 decima
1115 565 1262 650 denique
1305 566 1343 630 ei

231 671 529 738 renuntiabatur?
574 687 652 732 xrx.
699 670 785 756 Age,
802 672 848 734 sit
870 672 917 733 ita
941 669 1086 745 iactum3
1111 690 1196 754 quae
1221 691 1341 746 causa,

285 797 344 839 cur
369 775 509 840 Romam
536 782 739 859 properaret,
767 795 827 838 cur
853 775 889 837 in
920 781 1052 838 noctem
1080 795 1114 838 se
1138 773 1340 838 coniceret?

288 879 419 965 Ecquid
431 877 592 944 afferebat
603 878 839 956 festinationis,
854 877 944 962 quod
957 878 1052 943 heres
1060 877 1152 942 erat?
1179 877 1341 940 Primum

287 992 358 1048 erat
388 983 482 1060 nihil,
511 1004 571 1048 our
593 989 769 1067 properato
801 1005 884 1067 opus
908 990 1016 1058 esset3
1041 981 1172 1058 deinde,
1195 983 1224 1046 si
1248 981 1341 1065 quid

245 1107 260 1151 a
282 1096 379 1165 esset,
397 1087 480 1173 quid
504 1087 639 1152 tandem
656 1095 736 1164 erat,
755 1087 845 1172 quod
862 1110 901 1152 ea
917 1094 1014 1152 nocte
1031 1087 1191 1171 consequi
1207 1094 1338 1170 posset,

285 1194 454 1258 amitteret
480 1199 603 1267 autem,
628 1192 657 1256 si
681 1191 841 1276 postridie
867 1191 1008 1255 Romam
1031 1211 1127 1254 mane
1159 1189 1341 1254 venisset?

281 1299 396 1382 Atque
421 1303 461 1360 ut
483 1296 534 1360 illi
559 1303 743 1360 nocturnus
767 1296 810 1359 ad
833 1295 950 1359 urbem
980 1295 1146 1360 adventus
1170 1293 1339 1358 vitandus

283 1403 395 1486 potius
412 1422 513 1486 quam
529 1399 738 1485 expetendus
756 1399 831 1476 fuit,
849 1401 896 1464 sic
915 1400 1046 1475 Miloni,
1064 1420 1141 1462 cum
1156 1391 1342 1463 insidiator
1436 1407 1437 1488 i

245 1524 260 1568 9
282 1513 379 1582 esset,
391 1507 420 1570 si
443 1505 540 1568 illum
556 1504 599 1569 ad
614 1505 731 1568 urbem
747 1511 844 1568 nocte
869 1524 1081 1568 accessurum
1104 1502 1341 1578 sciebatsub-
1436 1491 1437 1542 7

231 1608 459 1675 residendum
475 1616 576 1694 atquc
595 1606 858 1693 exspectandum
883 1608 960 1674 fuit.
1009 1607 1116 1672 Nemo
1139 1608 1169 1671 ei
1193 1608 1339 1692 neganti
1406 1687 1411 1702 ι

283 1737 349 1779 non
374 1713 580 1794 credidisset¹
606 1735 708 1798 quem
734 1735 805 1778 esse
831 1735 946 1778 omnes
974 1714 1106 1778 salvum
1133 1713 1234 1776 etiam
1256 1733 1340 1776 con-

283 1819 433 1884 fitentem
449 1819 581 1884 volunt.
629 1817 854 1882 Sustinuisset
877 1818 940 1882 hoc
957 1819 1083 1882 crimen
1098 1817 1243 1902 primum
1259 1817 1337 1900 ipse

283 1924 339 1988 iile
362 1924 531 1987 latronum
553 1923 740 1986 occultator
761 1929 796 1986 et
818 1930 971 2007 receptor
996 1923 1098 1998 locus,
1122 1943 1199 1986 cum
1221 1942 1337 2005 neque

283 2035 376 2090 muta
402 2025 549 2090 solitudo
572 2025 753 2090 indicasset
779 2047 889 2111 neque
916 2048 1015 2092 caeca
1038 2047 1104 2090 nox
1127 2025 1338 2091 ostendisset
1436 2047 1437 2074 r

230 2146 259 2192 15
282 2130 462 2205 Milonem3
487 2129 608 2194 deinde
626 2129 671 2194 ibi
687 2129 785 2194 multi
801 2129 842 2194 ab
860 2131 918 2194 illo
936 2131 1062 2207 violati,
1077 2130 1221 2214 spoliati,
1234 2129 1335 2194 bonis

284 2235 425 2320 expulsi,
457 2235 556 2298 multi
587 2234 667 2298 haec
700 2235 802 2298 etiam
836 2235 992 2300 timentes
1031 2237 1066 2298 in
1104 2234 1337 2320 suspicionem

231 2343 267 2404 51
283 2338 450 2415 caderent,
477 2345 548 2402 tota
579 2337 725 2423 denique
758 2359 813 2402 rea
844 2341 1005 2404 citaretur
1029 2340 1174 2403 Etruria.
1222 2340 1337 2424 Atqui

282 2443 340 2506 illo
357 2441 410 2507 die
427 2450 517 2507 certe
536 2443 652 2506 Aricia
675 2441 806 2506 rediens
830 2442 978 2508 devertit
1001 2443 1142 2508 Clodius
1166 2442 1209 2508 ad
1232 2442 1338 2508 Alba-

282 2568 373 2610 num.
420 2545 521 2626 Quod
546 2553 585 2608 ut
613 2546 714 2610 sciret
739 2546 832 2622 Milo,
857 2547 954 2611 illum
982 2548 1116 2612 Ariciae
1142 2547 1255 2624 fuisse,
1280 2569 1339 2612 su-

230 2665 260 2712 to
280 2651 400 2735 spicari
417 2658 530 2714 tamen
540 2648 659 2713 debuit
670 2671 757 2726 eum,
768 2651 899 2715 etiamsi
913 2652 1053 2716 Romam
1068 2652 1128 2716 illo
1141 2651 1195 2715 dic
1207 2651 1337 2716 reverti

285 2755 399 2832 vellet,
417 2752 460 2816 ad
475 2753 592 2818 villam
607 2774 712 2830 suam,
726 2775 812 2838 quae
823 2755 912 2820 viam
923 2762 1088 2842 tangeret,
1102 2755 1335 2820 deversurum.

312 2987 377 3045 549.
403 2987 485 3036 1-10.
511 2989 594 3049 Age:
610 3003 654 3038 see
672 3003 707 3038 on
727 2988 791 3038 Sull.
821 2989 866 3039 ‘in
885 2991 931 3040 the
951 2991 1008 3040 first
1027 2991 1102 3054 place
1115 2991 1162 3040 the
1174 2996 1235 3052 spot
1248 2990 1333 3053 itseli,

281 3063 362 3122 721.
397 3063 584 3130 aitiaotum:¹
602 3066 645 3114 ior
661 3066 740 3115 mood
758 3065 792 3115 ci.
818 3067 864 3116 the
887 3072 986 3116 retreat
1009 3068 1063 3116 and
1086 3067 1175 3117 haunt
1197 3067 1226 3116 oi
1253 3067 1337 3131 high-

282 3141 346 3204 §ld
357 3143 396 3191 20.
426 3139 792 3204 nihil,cur=,nilrtl‚quod‚
818 3157 949 3204 waymen‚
974 3143 1064 3192 would
1087 3143 1157 3191 have
1178 3143 1261 3191 borne
1286 3142 1335 3192 the

281 3218 349 3274 Sest.
371 3216 438 3265 104.
450 3217 472 3266 3.
520 3221 687 3280 properato
708 3231 794 3280 opus,
818 3217 933 3281 charge!
981 3218 1039 3267 The
1059 3219 1173 3280 vicinity
1195 3218 1224 3266 of
1248 3218 1336 3268 Rome

258 3336 261 3341 .
284 3293 375 3343 ‘there
388 3307 441 3342 was
454 3294 521 3342 need
535 3294 564 3342 oi
576 3293 680 3344 haste:’
694 3294 737 3343 ior
748 3295 795 3342 the
820 3308 872 3343 was
881 3294 996 3344 infested
1006 3294 1072 3344 with
1080 3295 1252 3344 eut-thrcats.
1280 3306 1336 3343 rea

282 3369 422 3433 participle
441 3384 485 3418 see
505 3370 537 3418 A.
558 3370 605 3420 243
623 3384 645 3430 e,
667 3377 742 3431 note3
760 3370 792 3419 G.
818 3405 823 3417 .
841 3405 846 3416 .
864 3405 869 3417 .
887 3369 1017 3427 Etruria,
1040 3359 1090 3419 ‘all
1114 3371 1222 3420 Etruria
1243 3370 1335 3420 would

281 3446 329 3495 390
345 3446 379 3500 ad
400 3445 459 3506 fin.;
481 3446 515 3493 H.
536 3446 667 3504 414,1V.‚
687 3451 751 3495 note
767 3446 794 3507 33
818 3446 887 3496 have
900 3447 968 3496 been
984 3452 1033 3508 put
1051 3461 1088 3496 on
1107 3447 1188 3505 trial,’
1204 3447 1259 3506 i.e.,
1273 3446 1336 3496 Clo·

283 3517 315 3568 B.
325 3518 399 3568 2182
410 3532 430 3568 c.
465 3530 535 3568 cum
545 3519 710 3579 insidiator,
719 3519 794 3573 iron-
818 3523 886 3572 dius'
900 3537 982 3584 many
994 3524 1113 3573 enemies
1125 3525 1153 3572 in
1166 3520 1275 3572 Etruria
1285 3522 1332 3582 (ci.

284 3591 354 3644 ical:
373 3594 405 3644 rf.
419 3592 483 3654 ᾆ36.
493 3594 515 3656 1,
528 3595 552 3644 2.
576 3594 792 3644 subsidendum
817 3596 829 3654 i
842 3600 880 3648 26.
897 3599 989 3659 3t39)
1004 3599 1092 3649 would
1111 3601 1180 3650 have
1197 3599 1264 3648 been
1277 3613 1336 3650 sus·

286 3709 291 3722 .
311 3709 316 3721 .
335 3709 341 3720 .
357 3670 419 3725 luit.
436 3667 539 3734 ‘ought
551 3667 662 3720 tohave
672 3667 730 3720 lain
738 3669 792 3722 low
818 3676 910 3735 pected
928 3676 1019 3725 before
1033 3675 1107 3725 Milo.

283 3743 476 3796 andwaited.’
850 3751 987 3812 §51.19.
1016 3756 1052 3801 ut
1078 3753 1190 3804 sehet:
1219 3752 1262 3802 ior
1286 3752 1335 3802 the

314 3830 375 3894 550.
389 3828 490 3877 12-17.
504 3826 721 3884 sustinuisset,
731 3833 793 3888 etc,
818 3827 916 3889 clause,
929 3831 941 3890 §
961 3829 1000 3879 46.
1016 3830 1054 3879 15.
