2876 4378
456 101 465 135 l

446 317 526 367 oar.
552 316 638 378 13-14,
663 317 677 377 s
699 315 787 367 asse.
1117 299 1180 366 577

77 490 195 554 ‘Nihil
210 490 351 575 pervim
374 509 534 574 nmquam
558 485 708 563 Clodius,
726 487 837 550 omnia
859 486 1003 571 pervim
1018 485 1124 551 Milo.'

77 594 198 675 Quid?
221 615 293 680 ego,
310 593 448 670 iudices
465 614 542 657 cum
566 590 792 656 maerentibus
808 590 902 657 vobis
927 591 1009 657 urbe
1033 592 1127 668 cessi,

76 699 285 764 iudiciumne
316 689 424 775 timui,
456 719 524 760 non
554 717 677 772 servos
709 716 777 759 non
804 717 905 772 arma,
937 717 1005 759 non
1035 695 1167 761 vimlr

77 802 176 883 Quae
207 802 330 867 fuisset
360 802 466 888 igitur
493 802 583 864 iusta
610 821 711 864 causa
735 798 938 864 restituendi
962 800 1037 876 mei,
1060 800 1126 864 nisi

76 907 203 972 fuisset
226 907 352 970 iniusta
379 903 548 970 eiciendi?
605 904 703 968 Diem
735 903 826 979 mihi,
851 902 960 980 crede,
985 902 1126 980 dixerat,

76 1012 221 1076 multam
251 1011 422 1096 irrogarat,
453 1010 619 1073 actionem
649 1007 890 1093 perduellionis
923 1007 1125 1084 intenderat,

77 1122 116 1182 et
139 1114 221 1178 mihi
244 1113 405 1178 videlicet
431 1113 466 1176 in
493 1133 595 1176 causa
621 1118 681 1176 aut
708 1112 795 1175 mala
820 1119 880 1175 aut
900 1132 983 1187 mea,
1004 1133 1072 1175 non
1094 1118 1130 1176 et

77 1219 343 1304 praeclarissima
358 1225 393 1282 et
409 1224 532 1292 vestra,
550 1215 714 1280 iudicium
731 1213 919 1280 timendum
937 1214 1013 1279 fuit.
1060 1213 1132 1280 Ser·
1153 1233 1182 1278 10

78 1344 200 1388 vorum
230 1329 265 1386 et
294 1322 466 1407 egentium
504 1321 631 1385 civium
662 1327 697 1384 et
728 1319 990 1384 facinerosorum
1028 1321 1127 1384 armis

78 1448 171 1491 meos
203 1426 293 1490 cives
325 1427 406 1490 meis
445 1425 592 1488 consiliis
629 1424 855 1508 periculisque
886 1431 1036 1489 servatos
1067 1446 1127 1509 pro

78 1553 133 1595 me
150 1530 236 1594 obici
254 1529 357 1592 nolui.
396 1527 478 1592 Vidi
495 1530 594 1604 enim,
608 1527 680 1592 vidi
695 1528 786 1592 hunc
803 1528 913 1611 ipsum
928 1527 969 1607 Q.
984 1527 1128 1592 Horten·
1142 1531 1182 1593 37

78 1636 177 1710 sium,
194 1634 309 1697 lumen
332 1639 367 1696 et
388 1639 621 1696 ornamentum
646 1633 693 1696 rei
719 1631 883 1716 publicae,
900 1652 1006 1714 paene
1031 1633 1130 1697 inter·

78 1738 135 1803 fici
160 1758 334 1802 servorum
356 1757 467 1812 manu,
493 1757 570 1799 curn
594 1736 676 1799 mihi
701 1735 853 1811 adesset3
882 1756 949 1820 qua
975 1736 1011 1799 in
1034 1735 1133 1800 turba
1154 1746 1183 1793 15

80 1841 121 1907 C.
137 1841 302 1906 Vibienus
330 1848 473 1916 senator,
491 1840 543 1904 vir
566 1840 723 1924 optimus,
747 1861 825 1904 cum
852 1839 913 1904 hoc
941 1860 1018 1904 cnm
1042 1848 1131 1904 esset

79 1968 157 2022 una,
189 1947 237 2010 ita
274 1951 327 2010 est
364 1944 541 2019 mulcatus,
574 1950 615 2007 ut
647 1945 752 2008 vitam
791 1943 949 2007 amiserit.
1008 1943 1129 2029 Itaque

79 2048 216 2135 quando
246 2049 338 2114 illius
369 2055 487 2132 postea
517 2047 586 2112 sica
609 2048 677 2124 illa,
695 2069 796 2133 quam
823 2069 843 2111 a
866 2046 1014 2111 Catilina
1037 2069 1126 2113 acce-

80 2162 185 2240 perat,
202 2152 425 2238 conquievit?
471 2151 566 2217 Haec
590 2152 756 2216 intentata
777 2150 872 2216 nobis
889 2160 950 2229 est,
967 2153 1045 2218 huic
1068 2175 1131 2241 ego

81 2281 141 2326 vos
158 2258 244 2323 obici
259 2279 318 2340 pro
341 2278 394 2321 me
418 2277 486 2320 non
509 2278 584 2320 sum
607 2277 735 2342 passus,
751 2256 832 2322 haec
855 2256 1013 2322 insidiata
1036 2257 1133 2323 Pom·
1154 2274 1184 2320 ao

82 2363 157 2448 peio
173 2369 234 2438 est,
251 2361 333 2425 haec
349 2361 447 2424 istam
464 2360 623 2445 Appiam,
640 2361 883 2425 monimentum
898 2362 952 2426 sui
977 2363 1131 2439 nominis,

83 2486 163 2531 nece
194 2465 308 2549 Papiri
338 2449 539 2540 cruentavit,
565 2464 646 2530 haec
677 2464 793 2529 eadem
819 2465 921 2552 longo
952 2466 1131 2531 intervallo

83 2591 243 2636 conversa
267 2590 383 2634 rursus
408 2575 461 2634 est
488 2569 523 2631 in
550 2589 624 2644 me;
656 2590 764 2654 nuper
787 2567 933 2654 quidem,
959 2576 1000 2632 ut
1025 2571 1127 2646 scitis,

83 2697 136 2738 me
162 2672 206 2738 ad
230 2674 356 2759 regiam
379 2693 485 2758 paene
510 2671 665 2737 confecit.
713 2672 806 2753 Quid
828 2673 938 2737 simile
963 2673 1129 2738 Milonis?
1144 2679 1184 2741 38

84 2779 180 2844 cuius
199 2778 251 2843 vis
276 2779 384 2842 omnis
409 2777 490 2842 hacc
517 2799 648 2862 semper
670 2777 747 2853 fuit,
764 2799 806 2842 ne
833 2776 871 2840 P.
889 2776 1039 2854 Clodius,
1057 2800 1133 2843 cum
1155 2794 1185 2839 ac

84 2883 120 2946 in
136 2882 299 2946 iudicium
314 2881 444 2946 detrahi
461 2903 529 2945 non
545 2889 667 2966 posset,
685 2883 719 2946 vi
743 2902 934 2966 oppressam
957 2883 1130 2948 civitatem

117 3045 178 3094 3-8
204 3043 348 3093 Clodius:
378 3060 413 3094 sc.
427 3044 555 3104 faciebat
572 3059 601 3094 as
624 3044 669 3092 27.
683 3045 768 3094 11-16.
791 3044 954 3094 Hortensius
965 3044 1019 3094 had
1031 3046 1134 3096 headed

86 3122 115 3172 in
140 3121 152 3179 §
176 3122 215 3170 28.
243 3121 281 3169 18.
322 3119 473 3168 indicium
497 3120 601 3168 timui:
623 3121 671 3171 the
683 3121 842 3184 deputatlon
854 3120 884 3170 of
901 3123 1014 3183 equites,
1025 3123 1074 3170 but
1087 3123 1135 3172 the

85 3198 130 3248 for
167 3196 284 3246 Cicero’s
325 3211 387 3245 own
425 3196 601 3259 explanation
623 3197 690 3246 fatal
704 3198 816 3259 injurias
828 3197 858 3248 of
874 3197 1007 3248 Vibienus
1024 3211 1069 3248 arc
1086 3205 1136 3248 not

86 3275 116 3324 of
141 3274 184 3322 his
211 3272 330 3335 yielding
356 3277 385 3321 to
412 3273 455 3321 his
483 3273 600 3322 enemies
622 3274 766 3324 elsewhere
790 3274 955 3324 mentioned.
998 3274 1134 3337 Appiam

87 3351 206 3400 seeSest.
217 3349 343 3410 §sao-52.
364 3348 454 3397 Diem
463 3348 599 3397 dixerat:
621 3386 626 3398 .
645 3349 881 3399 ..cruentarum
900 3363 944 3398 see
961 3349 1025 3407 518.
1044 3352 1131 3400 24-29.

87 3439 177 3475 seeon
194 3425 244 3487 Ep.
260 3425 311 3476 VI.
331 3424 377 3473 16.
397 3425 434 3473 15.
469 3424 599 3474 multam
620 3440 718 3489 nuper
726 3425 859 3489 quidem,
867 3427 1054 3490 eto.:nothing
1062 3442 1134 3478 more

87 3503 241 3562 irrogarat,
266 3499 336 3550 ‘had
359 3500 472 3550 claimed
490 3515 506 3550 a
525 3501 596 3551 fine’
621 3506 643 3554 is
655 3506 756 3554 known
768 3505 798 3552 of
814 3504 882 3564 this;
893 3518 937 3552 see
949 3518 985 3553 on
997 3503 1009 3561 ξ
1021 3505 1061 3554 20.
1076 3507 1115 3554 50.

88 3579 169 3629 What
185 3583 246 3640 part
259 3579 289 3627 of
306 3579 403 3640 speech
423 3578 446 3626 is
462 3578 598 3628 multam?
652 3581 716 3640 538.
736 3579 836 3629 24-29.
856 3578 938 3639 Quid
956 3580 1057 3630 simile
1075 3569 1138 3629 Ma

87 3655 271 3712 intenderat,
286 3654 355 3704 ‘had
365 3655 554 3703 threatened:’
569 3670 598 3705 so
619 3657 717 3706 lonis:
734 3657 769 3706 ct.
784 3656 832 3706 IV.
846 3655 892 3704 13.
903 3656 944 3713 47,
958 3657 1012 3706 and
1027 3658 1141 3718 sesae·
1226 3659 1229 3666 '

88 3733 115 3780 in
128 3732 195 3781 Sest.
209 3730 255 3779 42.
268 3731 292 3780 9.
621 3736 677 3783 tum
702 3734 803 3794 (noun)
821 3733 891 3793 suit.
928 3733 960 3781 in
982 3733 1134 3784 mdiorum

118 3807 181 3866 §37-
200 3805 302 3856 13-23.
332 3805 367 3865 Q.
385 3805 597 3864 Hortensium.
620 3822 683 3859 non
694 3812 818 3871 posset:
835 3809 878 3866 for
889 3810 936 3865 the
947 3809 1004 3864 fact
1015 3809 1049 3862 ct.
1063 3810 1131 3868 sest.

89 3883 285 3940 (tvibienuez
297 3884 342 3940 tor
353 3885 400 3938 the
409 3885 466 3939 lact
475 3899 519 3939 see
528 3884 595 3939 Sest.
619 3884 666 3940 09·
683 3886 770 3942 20-23.
