2924 4372
508 298 588 353 cnr.
615 301 700 366 ran,
725 299 848 366 §ao-31.
1184 287 1246 359 171

147 482 288 546 oratoris
327 480 414 545 boni.
470 479 526 545 Ab
556 481 616 546 hoc
648 482 735 546 euim
768 482 858 566 pacis
890 493 1085 548 ornamenta
1122 485 1197 548 reti·

148 593 282 664 nentur,
313 585 355 650 ab
384 585 442 650 illo
474 585 552 650 belli
591 587 739 670 pericula
778 587 999 671 repelluntur.
1057 587 1196 653 Ceterae

148 698 261 752 tamen
284 691 428 755 virtutes
453 691 543 774 ipsae
566 713 626 774 per
655 713 690 756 se
722 692 867 755 multum
899 692 1024 770 valent,
1055 694 1195 770 iustitia,
1233 711 1249 754 t

149 793 240 869 fides
269 794 386 878 pudor,
412 797 652 879 temperantia;
684 795 807 880 quibus
834 804 877 872 te,
900 795 1007 872 Servi,
1032 799 1196 863 excellere

147 919 262 962 omnes
286 899 501 985 intellegunt.
549 898 616 964 Sed
640 921 729 965 nuuc
756 899 797 965 de
824 899 946 965 studiis
970 901 1012 966 ad
1036 901 1194 968 honorem

147 1001 320 1086 adpositis,
360 1024 426 1067 non
467 1001 507 1068 de
547 1005 648 1068 insita
686 1005 850 1089 cuiusque
883 1005 1009 1071 virtute
1049 1005 1195 1092 disputo.

148 1104 273 1169 Omnia
303 1107 367 1172 ista
403 1106 498 1171 uobis
537 1107 651 1172 studia
689 1108 729 1173 dc
770 1109 924 1174 manibus
963 1112 1195 1187 excutiuntur,

146 1209 367 1295 simulatque
384 1211 490 1296 aliqui
507 1218 618 1277 motus
635 1235 742 1278 novus
759 1213 917 1278 bellicum
940 1236 1058 1280 cauere
1075 1217 1195 1302 co'e'git.
1221 1232 1250 1276 10

148 1313 294 1390 Etenim,
311 1322 351 1378 ut
366 1315 414 1378 ait
430 1317 624 1401 ingeniosus
642 1320 740 1400 polita
755 1325 790 1381 et
812 1327 930 1382 auctor
955 1319 1052 1384 valde
1079 1319 1195 1396 bonus,

148 1419 345 1502 ‘proeliis
377 1421 661 1506 promulgatis
693 1422 879 1505 pellitur
903 1445 920 1488 e
948 1422 1097 1488 medio'
1129 1447 1195 1489 uon

146 1523 256 1587 solum
283 1524 348 1587 ista
380 1531 490 1589 vestra
522 1525 661 1590 verbosa
691 1526 862 1591 simulatio
895 1527 1105 1611 prudentiae,
1137 1528 1196 1594 sed

146 1629 248 1692 ctiam
291 1629 362 1712 ipsa
402 1628 462 1692 illa
505 1628 640 1693 domina
682 1651 803 1706 rerum,
848 1633 1099 1716 ‘sapientia;
1157 1637 1195 1698 vi

146 1735 403 1819 geriturres‚
427 1723 646 1819 spernitur
665 1734 828 1798 orator'
846 1757 913 1800 uon
929 1736 1036 1800 solum
1060 1737 1195 1802 odiosus
1221 1755 1248 1800 15

147 1841 183 1902 iu
198 1837 341 1903 dicendo
356 1860 394 1904 ac
410 1839 546 1924 loquax,
558 1863 674 1904 verum
692 1842 792 1905 etiam
807 1840 972 1916 ‘bonus3
997 1842 1195 1907 horridus
1249 1865 1252 1872 ’

148 1944 268 2009 miles
292 1944 474 2022 amatur,’
505 1954 654 2011 vestrum
683 1967 763 2010 vcro
786 1945 935 2010 studium
966 1954 1074 2010 totum
1098 1949 1194 2012 iacet.

148 2050 259 2114 ‘Nou
287 2073 335 2116 ex
366 2052 450 2116 iure
482 2073 640 2116 manum
674 2059 926 2126 consertum,
959 2050 1030 2115 sed
1062 2051 1195 2126 ferro,’

147 2155 269 2239 inquit,
302 2165 402 2220 ‘rem
442 2155 664 2240 repetunt'
712 2152 815 2234 Quod
844 2155 873 2218 si
912 2156 959 2219 ita
989 2165 1050 2229 est,
1089 2155 1195 2230 cedat,

147 2261 274 2343 opinor,
307 2257 446 2345 Sulpici,
476 2260 584 2325 forum
614 2260 741 2335 castris,
774 2260 880 2323 otium
916 2259 1066 2334 militiae,
1097 2260 1196 2324 stilus
1219 2277 1249 2321 20

146 2363 270 2450 gladio,
303 2364 420 2429 umbra
450 2365 533 2440 soli;
557 2365 603 2428 sit
632 2363 778 2449 denique
811 2364 845 2426 iu
870 2364 1007 2428 civitate
1030 2384 1070 2428 ea
1091 2365 1197 2447 prima

147 2490 210 2544 reS,
228 2477 363 2554 propter
384 2491 485 2553 quam
508 2472 579 2554 ipsa
600 2477 652 2533 est
670 2469 788 2532 civitas
811 2469 960 2531 omnium
985 2468 1149 2552 princeps.

191 2571 320 2637 Verum
337 2573 417 2638 haec
435 2573 519 2638 Cato
540 2573 679 2637 nimium
706 2594 778 2638 nos,
792 2574 914 2636 uostris
939 2571 1047 2637 verbis
1073 2594 1194 2658 magua
1207 2576 1245 2638 at

147 2676 257 2742 iacere
290 2677 498 2742 demonstrat
528 2685 563 2742 et
587 2675 707 2741 oblitos
735 2697 806 2741 esse
833 2676 957 2741 bellum
984 2675 1069 2740 illud
1097 2698 1194 2742 omne

148 2780 416 2847 Mithridaticum
447 2804 524 2848 cum
555 2780 760 2846 mulierculis
792 2803 864 2845 esse
900 2788 1045 2866 gestum.
1094 2779 1194 2860 Quod
1218 2799 1247 2842 aa

179 3006 243 3068 530.
262 3005 325 3064 89.
343 3005 549 3069 adpositis
567 3030 592 3054 =
613 3018 660 3066 op·
680 3004 771 3055 taken.
814 3003 909 3054 Cicero
929 3004 1104 3067 intersperses
1121 3005 1196 3054 them

148 3083 314 3143 tremonem.
339 3083 431 3132 nobis
449 3118 454 3131 .
471 3118 478 3130 .
495 3119 501 3130 .
519 3081 660 3131 demani-
681 3080 743 3128 with
756 3086 907 3130 comments
919 3080 949 3130 of
965 3080 1007 3130 lus
1019 3094 1089 3140 own,
1102 3082 1155 3131 aud
1168 3088 1196 3130 to

146 3157 219 3206 bus:
237 3172 281 3208 see
292 3173 328 3208 ou
341 3159 373 3217 1.‚
387 3158 432 3208 16.
445 3160 484 3220 st,
497 3159 536 3208 36.
680 3161 724 3219 get
735 3157 806 3206 their
817 3157 946 3219 meaning
957 3157 1022 3219 they
1030 3157 1126 3207 should
1139 3157 1196 3206 first

177 3234 281 3292 10,1L
298 3234 447 3284 bellicum
464 3247 582 3291 canere.
600 3247 660 3296 cog·
680 3233 712 3281 be
735 3232 797 3282 read
821 3233 855 3295 by
872 3233 1036 3283 themselves
1053 3248 1084 3283 as
1100 3248 1117 3282 a
1134 3248 1196 3284 cou-

146 3316 210 3358 nate
238 3310 397 3359 accusative.
452 3313 580 3371 poeta.
626 3307 657 3368 Q.
680 3310 775 3359 usctcd
804 3309 898 3359 whole.
950 3313 1101 3368 auctor.
1135 3309 1196 3360 ‘au-

146 3383 262 3441 Enuius‚
285 3382 352 3432 born
375 3383 423 3432 239
450 3389 479 3432 at
507 3377 609 3432 Rudiae
629 3383 659 3430 lu
681 3385 801 3452 thosity)

146 3459 257 3521 Apulia,
271 3473 325 3508 was
336 3474 388 3508 oue
405 3460 434 3509 ol
451 3461 498 3508 tlre
515 3460 622 3509 earliest
633 3460 661 3508 ot
712 3458 926 3516 1⁷,1ataoes
954 3474 985 3509 as
1013 3460 1042 3509 in
1071 3460 1085 3522 5
1107 3460 1145 3512 17.
1169 3460 1193 3509 6.

146 3537 193 3584 the
205 3535 310 3584 Roman
319 3541 404 3598 poets,
415 3536 469 3585 and
479 3549 533 3586 was
545 3537 661 3598 partiou-
680 3547 721 3584 ex
735 3536 808 3593 iure,
819 3542 885 3585 etc:
902 3550 938 3586 sc.
958 3539 1066 3598 vocant,
1080 3537 1134 3586 aud
1151 3549 1196 3586 see

138 3612 211 3674 ,larly
221 3612 342 3661 admired
352 3613 386 3674 by
394 3612 496 3662 Cicero.
527 3613 569 3661 He
579 3619 661 3661 wrote
680 3625 716 3660 ou
729 3613 742 3673 ᾗ
754 3613 793 3662 26.
807 3613 830 3662 6.

144 3689 287 3750 comedim,
301 3689 441 3752 tragedies,
453 3690 556 3749 salites,
575 3689 628 3738 aud
645 3703 661 3738 a
712 3688 757 3736 21.
775 3689 884 3738 umbra
903 3689 964 3739 soll
978 3713 1004 3739 =
1018 3692 1075 3741 otta
1093 3692 1123 3741 tn
1138 3705 1196 3741 um·

145 3766 250 3828 history
258 3767 287 3815 of
299 3766 384 3814 Rome
396 3768 423 3814 lu
438 3766 468 3814 18
480 3766 564 3815 books
576 3764 660 3815 called
681 3765 729 3814 bra
748 3768 814 3816 octo
826 3767 897 3816 vitoe
914 3768 944 3815 in
961 3766 1018 3816 sole
1034 3769 1133 3817 actae:
1148 3781 1195 3816 sea

144 3841 272 3892 Anactes
279 3841 350 3892 from
358 3842 447 3893 which
455 3842 530 3892 these
539 3842 607 3891 lines
614 3855 660 3891 are
680 3855 716 3891 on
736 3841 816 3906 Asta,
835 3843 900 3905 511.
919 3843 948 3906 8;
967 3843 1014 3893 the
1033 3843 1082 3894 lite
1100 3843 1130 3894 of
1148 3843 1195 3896 the
