2876 4378
461 341 541 396 car.
568 343 654 408 n-rs,
679 344 692 408 s
715 343 801 397 aaa
1132 324 1196 395 588

91 537 169 583 esse
208 524 387 594 mortuum,
426 520 540 603 itaque
580 525 716 602 repente
749 519 890 583 Romam
927 517 1142 582 constituisse

91 622 271 706 proficisci.
317 621 417 686 Dixit
432 623 495 686 hoc
512 644 622 687 comes
639 624 719 686 item
736 622 774 685 P.
793 622 902 698 Clodi,
927 621 966 685 C.
991 619 1142 686 Clodius.

91 743 204 790 xvnr.
230 725 365 803 Videte,
382 726 520 803 iudices,
538 735 683 811 quantoe
700 749 752 792 res
776 727 827 790 his
851 726 1053 791 testimoniis
1077 725 1195 791 sint47

91 829 280 894 coniectae.
327 829 479 893 Primum
495 837 586 895 certe
599 830 761 894 liberatur
774 830 858 894 Milo
871 851 938 894 non
951 851 990 893 eo
1003 829 1141 893 consilio

91 933 267 1018 proiectus
289 955 372 1010 esse,
404 941 444 998 ut
471 934 687 998 insidiaretur
709 935 744 997 in
769 936 823 999 via
854 933 983 1009 Clodio,
1008 934 1142 1017 quippe,

92 1038 123 1100 si
148 1038 204 1101 ille
235 1037 353 1103 obvius
385 1039 416 1103 ei
445 1037 582 1102 futurus
614 1040 750 1102 omnino
782 1059 848 1101 non
881 1045 962 1102 erat.
1009 1036 1140 1100 Deinde

95 1143 298 1224 (nonenim
322 1141 429 1220 video,
455 1164 516 1207 cur
538 1164 606 1206 non
630 1163 742 1207 meum
768 1163 904 1227 quoque
927 1161 1024 1228 agam
1047 1161 1146 1226 nego·
1167 1155 1182 1199 c

93 1233 202 1327 tium)
221 1246 326 1322 scitis,
351 1246 490 1323 iudices,
514 1246 630 1323 fuisse,
647 1249 706 1331 qui
730 1248 765 1310 in
789 1247 850 1311 hac
874 1246 1049 1332 rogatione
1073 1266 1145 1308 sua·

93 1347 207 1412 denda
244 1349 396 1415 dicerent
428 1351 567 1415 Milonis
600 1371 702 1414 manu
733 1350 869 1416 caedem
898 1371 971 1414 esse
1009 1349 1142 1425 iactam,

93 1453 237 1516 consilio
255 1475 333 1518 vero
357 1455 489 1518 maioris
513 1450 666 1520 alicuius.
714 1455 770 1518 Me
795 1454 953 1519 videlicet
976 1454 1144 1517 latronem

94 1577 133 1620 ac
158 1551 315 1620 sicarium
346 1557 466 1622 abiecti
499 1557 648 1623 homines
680 1566 715 1623 et
746 1558 868 1643 perditi
899 1557 1140 1622 describebant.

94 1659 214 1724 lacent
251 1661 321 1724 suis
361 1661 516 1738 testibus,
556 1664 615 1746 qui
654 1661 813 1726 Clodium
850 1669 979 1747 negant
1015 1681 1054 1725 eo
1092 1659 1145 1724 die
1169 1673 1197 1720 10

95 1765 245 1840 Romam,
264 1766 328 1828 nisi
346 1764 386 1830 de
405 1764 496 1851 Cyro
520 1766 683 1842 audisset,
709 1765 814 1830 fuisse
839 1765 1036 1830 rediturum.
1085 1765 1144 1828 Re·

94 1870 230 1953 spirari,
248 1869 408 1934 liberatus
425 1891 516 1945 sum3
534 1891 600 1934 non
614 1892 740 1947 vereor,
755 1891 807 1946 ne,
822 1869 913 1954 quod
926 1891 967 1934 ne
977 1869 1141 1953 suspicari

94 1973 233 2058 quidem
249 1975 425 2057 potuerim,
444 1973 559 2038 videar
572 1974 606 2037 id
622 1975 798 2060 cogitasse.
845 1973 877 2037 N
879 1994 945 2038 unc
962 1993 1143 2059 persequar
1157 1974 1197 2038 48

93 2085 214 2143 cetera.
261 2077 348 2141 Nam
371 2079 519 2144 occurrit
546 2077 650 2142 illud:
677 2078 808 2164 ‘Igitur
838 2099 880 2142 ne
908 2076 1048 2142 Clodius
1074 2078 1145 2161 qui-

93 2181 171 2246 dem
208 2181 249 2245 de
288 2181 420 2246 insidiis
452 2183 626 2268 cogitavit,
659 2183 818 2267 quoniam
849 2182 917 2246 fuit
946 2182 981 2244 in
1013 2180 1145 2245 Albano
1170 2196 1198 2241 rc

14 2341 19 2350 .
95 2284 295 2348 mansurus?
342 2284 377 2348 si
396 2285 533 2370 quidem
548 2288 704 2350 exiturus
721 2285 763 2350 ad
780 2285 948 2351 caedeme
972 2287 1054 2350 villa
1076 2305 1144 2349 non

96 2388 227 2451 inisset.
275 2387 386 2452 Video
410 2390 499 2452 enim
522 2389 629 2465 illum,
647 2391 706 2474 qui
731 2389 864 2454 dicatur
880 2389 921 2480 de
939 2388 1019 2475 Cyri
1037 2396 1143 2454 morte

96 2493 281 2566 nuntiasse,
314 2513 381 2556 non
413 2492 448 2556 id
479 2495 662 2569 nuntiasse,
691 2494 751 2558 sed
779 2495 942 2558 Milonem
972 2495 1148 2578 appropin-

97 2617 209 2680 quare.
256 2593 341 2660 Nam
373 2595 521 2680 quidde
546 2596 636 2682 Cyro
660 2599 841 2675 nuntiaret,
871 2619 973 2683 quem
1000 2597 1141 2662 Clodius

81 2687 202 2764 'Roma
239 2700 450 2784 proficiscens
490 2702 672 2786 reliquerat
702 2703 924 2767 morientem?
969 2701 1046 2766 Una
1084 2700 1145 2777 fui,
1168 2717 1202 2762 ao-

97 2811 336 2868 testamentum
373 2805 475 2869 simul
514 2805 706 2891 obsignavi3
746 2813 987 2871 testamentum
1031 2813 1145 2869 autem

98 2908 207 2991 palam
245 2907 372 2972 iecerat
410 2917 445 2974 ct
482 2909 580 2972 illum
611 2909 765 2974 heredem
803 2919 838 2974 et
875 2931 928 2974 me
955 2910 1143 2994 scripserat.

129 3112 174 3162 29.
203 3112 235 3161 C.
259 3112 435 3172 Clodius,
452 3129 469 3164 a
491 3129 612 3179 younger
667 3113 680 3172 i
704 3117 743 3166 48.
769 3115 871 3168 14-19.
900 3111 1148 3174 occurrlt'lllud,

99 3190 207 3240 brother
218 3189 247 3238 of
259 3189 382 3240 Publius.
636 3191 708 3242 ‘this
731 3195 868 3256 objectlon
891 3199 976 3244 meets
1002 3192 1064 3242 me!
1111 3191 1148 3241 St

424 3266 427 3271 ’
634 3269 767 3331 quidem,
786 3270 855 3332 ‘yes,
876 3271 916 3320 lt’
953 3271 1026 3318 Here
1043 3269 1077 3319 he
1094 3269 1148 3318 dis·

131 3344 144 3404 5
166 3343 205 3394 47.
231 3343 311 3391 2-11.
334 3343 545 3412 liberatur,
572 3343 611 3395 ‘ls
633 3346 732 3396 credits
761 3346 884 3396 Schola’s
917 3351 1003 3406 story:
1039 3358 1083 3394 see
1110 3359 1146 3393 on
1169 3371 1172 3377 ·

100 3420 216 3482 proved)
252 3419 370 3469 abiecti
392 3420 541 3480 homines,
565 3423 612 3471 the
633 3423 748 3483 §leta
784 3421 1144 3471 nuntiaremformoodcf.

101 3497 219 3546 tribunos
231 3495 263 3556 Q.
278 3497 446 3560 Pomponius
458 3498 546 3548 Rufus
558 3499 609 3548 and
634 3497 646 3555 t
658 3499 697 3548 35.
712 3501 751 3548 42.
1054 3523 1058 3529 ·

102 3573 130 3622 C.
154 3573 305 3622 Sallustius.
353 3573 471 3630 Iacent,
497 3573 560 3624 ‘fall
582 3580 611 3624 to
665 3574 711 3632 20,
722 3574 767 3622 21.
786 3575 855 3624 Una
873 3575 931 3623 fui:
950 3589 986 3624 sc.
1008 3585 1068 3624 cum
1088 3571 1147 3622 Clo·

101 3649 146 3698 the
172 3649 296 3710 ground,'
328 3649 390 3699 ‘are
418 3650 609 3700 overthrcwn.'
634 3651 688 3700 dio.
724 3649 953 3712 obsignavi:
976 3649 1145 3699 ‘endorsed.'

101 3724 248 3773 testibus:
272 3725 316 3774 for
336 3739 397 3775 case
417 3740 461 3775 sec
481 3739 518 3775 cn
540 3727 608 3776 Sest.
634 3726 782 3778 Witnesses
805 3733 889 3777 wrote
911 3727 984 3776 their
1000 3740 1093 3775 names
1110 3739 1147 3775 on

102 3799 144 3848 46.
165 3800 204 3852 17.
239 3799 337 3850 fuisse
361 3801 549 3850 rediturum:
568 3803 612 3853 ior
634 3803 680 3852 the
690 3803 758 3852 back
767 3804 797 3852 of
809 3803 1064 3860 suchadocument,
1076 3801 1148 3850 after

102 3877 168 3926 iorni
181 3891 225 3926 see
237 3891 274 3926 on
285 3877 352 3928 Sull.
367 3876 412 3925 22.
424 3879 464 3928 21.
634 3879 656 3928 it
667 3878 722 3928 had
734 3879 803 3929 been
814 3878 909 3944 signed
922 3878 976 3928 and
988 3877 1086 3928 sealed.
