2876 4378
217 300 280 372 552
561 313 633 370 rao
656 313 686 369 r.
711 312 837 370 srsrro
861 313 1009 372 oasrro.

270 489 396 578 pertuli
431 487 665 557 crudelitatem
705 489 928 568 inimicorum,
969 491 1080 558 scelus
1118 485 1322 569 infidelium,

197 601 254 663 146
269 597 423 662 fraudem
440 595 641 661 invidorum.
689 595 724 660 Si
748 595 811 660 hoc
837 618 906 662 non
929 603 982 660 est
1004 597 1097 674 satis,
1114 595 1208 680 quod
1235 596 1322 662 haec

216 715 245 762 ³6
267 704 379 767 omnia
394 702 506 766 deleta
522 700 683 766 videntur
699 701 812 766 reditu
836 723 920 777 mec,
946 701 1055 766 multo
1079 701 1171 778 mihi,
1196 702 1321 776 multo,

160 806 161 810 ’
270 808 419 891 inquam,
450 805 588 882 iudices,
620 811 769 890 praestat
798 806 834 868 in
872 805 1013 870 eandem
1044 805 1137 870 illam
1167 805 1320 870 recidere

268 909 440 975 fortunam
471 931 572 994 quam
604 916 734 974 tantam
765 910 933 994 inportare
964 909 1047 974 meis
1082 908 1320 976 defensoribus

268 1021 304 1079 et
324 1013 612 1078 conservatoribus
636 1013 871 1078 calamitatem.
918 1013 974 1077 An
1001 1035 1063 1100 ego
1086 1013 1122 1077 in
1148 1013 1211 1078 hac
1235 1013 1320 1078 urbe

215 1133 245 1180 40
267 1140 338 1184 esse
361 1119 484 1202 possim
507 1117 560 1181 his
583 1117 701 1202 pulsia,
726 1118 786 1202 qui
809 1139 861 1182 me
884 1116 986 1182 huius
1017 1117 1109 1182 urbis
1137 1125 1321 1202 conpotem

270 1221 447 1288 fecerunt?
492 1222 569 1285 Non
595 1219 666 1297 ero,
695 1243 762 1285 non
786 1228 901 1306 potero
925 1243 1006 1298 esse,
1032 1221 1180 1298 iudices3
1205 1245 1319 1306 neque

195 1327 197 1330 ’
267 1327 321 1391 hic
345 1349 507 1411 umquam
530 1348 623 1410 puer,
648 1327 707 1409 qui
737 1325 789 1389 his
820 1326 974 1401 lacrimis,
1008 1347 1075 1410 qua
1102 1327 1149 1390 sit
1178 1327 1319 1410 pietate,

194 1440 197 1516 ξ
267 1430 424 1507 declarat,
448 1431 569 1494 amisso
592 1435 685 1514 patre
710 1451 771 1493 suo
803 1435 938 1514 propter
968 1452 1019 1494 me
1051 1451 1103 1494 me
1135 1430 1245 1515 ipsum
1271 1431 1322 1494 in·

268 1534 433 1602 columem
459 1533 587 1600 videbit
609 1555 681 1609 nec,
707 1534 1011 1618 quotienscumque
1035 1555 1087 1600 me
1111 1534 1243 1612 viderit,
1271 1535 1322 1598 in·

199 1629 244 1698 'eo
265 1645 434 1724 gemescat
450 1660 487 1703 ac
503 1645 633 1723 pestem
648 1659 744 1701 suam
760 1659 797 1702 ac
813 1638 916 1721 patris
940 1639 993 1702 sui
1017 1659 1052 1703 se
1076 1637 1167 1703 dicet
1190 1639 1319 1704 videre.

268 1743 341 1828 Ego
357 1765 436 1808 vero
451 1742 511 1806 hos
528 1743 562 1804 in
579 1742 669 1805 omni
685 1739 832 1817 fortuna,
850 1763 1084 1826 quaecumque
1109 1743 1174 1806 erit
1194 1743 1320 1820 oblata,

194 1864 196 1867 ’
267 1847 469 1931 conplectar,
488 1867 548 1910 nec
566 1867 618 1910 me
635 1843 676 1908 ab
692 1845 743 1921 iis,
761 1866 845 1928 quos
869 1867 943 1910 meo
967 1847 1102 1911 nomine
1126 1847 1320 1912 sordidatos

267 1950 401 2028 videtis,
436 1971 598 2034 umquam
637 1948 708 2011 ulla
747 1947 884 2012 fortuna
922 1949 1074 2026 divellet,
1115 1972 1226 2035 neque
1258 1973 1321 2016 eac

267 2055 429 2130 nationes
456 2052 579 2138 quibus
604 2073 656 2114 me
681 2057 817 2116 senatus
843 2052 1100 2130 commendavit,
1127 2054 1250 2139 quibus
1277 2055 1322 2120 de

214 2173 244 2219 oo
265 2180 318 2222 me
333 2159 458 2244 gratias
475 2156 555 2242 egit,
573 2155 663 2218 hunc
681 2155 816 2218 exulem
835 2162 972 2240 propter
987 2179 1039 2220 me
1056 2159 1129 2222 sine
1152 2180 1205 2223 me
1226 2159 1325 2225 vide·

195 2265 252 2328 14⁷
267 2261 362 2327 bunt.
408 2260 475 2325 Sed
503 2260 583 2324 haec
608 2258 642 2342 di
667 2259 880 2334 immortales,
908 2261 967 2343 qui
993 2282 1045 2324 me
1078 2262 1147 2325 suis
1179 2264 1322 2346 templis

230 2394 232 2399 ’
266 2365 503 2432 advenientem
533 2369 732 2447 receperunt
764 2363 927 2446 stipatum
955 2363 997 2427 ab
1021 2362 1074 2428 his
1107 2365 1187 2430 viris
1213 2374 1248 2430 et
1279 2367 1322 2430 P.

267 2469 413 2534 Lentulo
429 2467 576 2541 consule,
596 2473 698 2551 atque
722 2466 794 2549 ipsa
817 2486 869 2530 res
894 2465 1038 2551 publica,
1064 2489 1132 2551 qua
1155 2469 1241 2532 nihil
1267 2478 1326 2536 est

268 2574 427 2648 sanctiue,
447 2578 577 2635 vestrae
602 2569 771 2654 potestati,
788 2568 926 2646 iudices,
946 2572 1196 2636 commiserunt.
1244 2573 1323 2638 Vos

212 2688 242 2734 tc
264 2676 325 2740 hoc
343 2676 468 2740 iudicio
485 2675 634 2738 omnium
650 2673 813 2738 bonorum
830 2680 959 2738 mentes
985 2675 1190 2751 confirmare,
1208 2678 1325 2761 inpro-

268 2781 386 2845 borum
403 2780 581 2864 reprimere
598 2778 748 2862 potestis
766 2799 825 2841 vos
848 2777 900 2841 his
926 2778 1057 2842 civibus
1082 2781 1133 2843 uti
1157 2783 1324 2864 optumis,

266 2906 326 2949 vos
342 2905 394 2948 me
410 2883 544 2947 reficere
562 2889 597 2945 et
620 2902 777 2945 renovare
800 2901 869 2944 rem
893 2881 1070 2964 publicam.
1118 2881 1232 2960 Quare
1258 2906 1325 2949 vos

267 2987 416 3052 obtestor
431 2994 533 3071 atque
558 2983 703 3060 obsecre,
722 2991 769 3059 ut,
786 2984 815 3048 si
831 3006 884 3050 me
900 2985 1032 3049 salvum
1057 3007 1129 3051 esse
1145 2987 1325 3066 voluistis,

267 3113 323 3156 eos
340 3091 554 3165 conservetis
571 3111 631 3174 per
647 3110 732 3173 quos
748 3109 800 3152 me
818 3090 1086 3173 recuperavistis.

296 3307 374 3368 5146.
390 3305 492 3354 40-47.
511 3304 642 3366 poesim:
660 3305 707 3354 the
715 3317 777 3354 con·
799 3304 869 3353 after
880 3303 922 3354 his
939 3309 1033 3354 return
1045 3305 1115 3354 from
1133 3306 1204 3356 exile
1222 3307 1324 3361 Cicero

263 3381 350 3430 ditton
360 3380 382 3428 is
395 3379 503 3442 implied
514 3380 542 3427 in
553 3380 595 3428 liis
603 3379 704 3440 pulsis.
720 3377 777 3434 Iris,
799 3379 852 3428 had
871 3373 939 3441 gone
961 3380 1073 3443 dicectly
1091 3385 1120 3430 to
1139 3382 1187 3432 the
1208 3382 1323 3445 Capitol

263 3457 330 3508 Milo
354 3457 407 3506 and
431 3457 541 3506 Sestius.
588 3455 777 3516 conplectar,
801 3453 847 3516 (cl.
871 3455 921 3516 Ep.
946 3455 1058 3506 XXIII.
1083 3456 1109 3504 5.
1127 3455 1170 3518 49)
1197 3462 1227 3506 to
1256 3460 1323 3520 give

265 3533 464 3595 ‘accompauy.’
500 3544 572 3580 meo
591 3531 725 3586 nomine,
748 3545 777 3579 as
799 3531 900 3584 thanks
920 3530 964 3580 for
980 3532 1023 3581 Ins
1040 3532 1129 3583 recall.
1164 3532 1214 3582 lus
1231 3535 1322 3592 viris,

262 3608 484 3658 lnMur.82.14.
800 3607 866 3655 Milo
891 3607 944 3655 and
976 3608 1087 3658 Sestius.
1123 3608 1173 3658 his
1189 3644 1195 3656 .
1214 3644 1243 3656 ..
1264 3623 1323 3672 op-

296 3683 379 3748 5147.
409 3683 511 3732 51-56.
545 3684 611 3732 suite
643 3681 776 3743 templis,
798 3682 900 3738 tumis,
915 3682 959 3732 ‘to
972 3683 1027 3732 find
1039 3685 1068 3733 in
1078 3685 1156 3734 these
1168 3698 1232 3734 men
1244 3693 1323 3736 most

265 3760 339 3810 ‘luto
355 3760 428 3811 their
443 3758 584 3821 temples:’
604 3759 721 3822 forcase
740 3757 774 3806 cf.
799 3756 870 3818 loyal
881 3758 1020 3808 citizens:’
1034 3760 1078 3809 for
1089 3760 1146 3808 this
1161 3771 1209 3808 use
1221 3760 1252 3808 of
1269 3761 1323 3810 uti

263 3836 339 3888 Caes.
353 3838 391 3889 11.
405 3836 431 3886 3.
442 3837 465 3887 3.
502 3835 545 3885 On
557 3835 681 3900 entertng
692 3835 776 3884 Rome
799 3833 834 3884 cf.
848 3834 898 3896 Ep.
912 3834 1023 3884 XVIII.
1037 3836 1062 3883 2.
1075 3837 1120 3900 223
1137 3835 1175 3885 11.
1189 3835 1237 3884 la
1249 3837 1293 3888 28.
