2924 4372
519 333 598 392 cnr.
622 333 679 404 lt,
704 331 718 404 t
740 334 812 392 en.
1162 321 1224 393 151

130 510 274 580 inimicis
289 515 358 580 tuis
374 524 522 601 pateant,
537 524 666 580 nostros
682 517 782 580 etiam
798 517 913 580 amicis
929 523 1028 601 putes
1045 515 1176 580 clausos

131 641 203 684 esse
226 627 389 705 oportere.
437 619 583 696 Etenim,
607 621 635 684 si
660 642 711 684 me
737 631 796 684 tua
823 620 1031 684 familiaritas
1047 619 1089 684 ab
1112 619 1172 682 hac
1190 621 1229 682 10

131 746 231 789 causa
242 725 447 800 removisset,
461 733 496 790 et
510 726 539 788 si
552 724 613 788 hoc
627 723 714 788 idern
726 723 766 802 Q.
782 723 972 800 Hortensio,
986 723 1033 788 Μ.
1045 723 1176 799 Crasso,

130 827 320 894 clarissimis
352 829 442 905 viris,
471 829 499 892 si
529 829 610 892 item
644 829 773 905 ceteris,
805 849 825 891 a
855 827 978 913 quibus
1016 828 1177 913 intellego
1200 841 1229 886 ao

132 941 224 996 tuam
253 933 395 1019 gratiam
422 932 534 1019 magni
561 932 740 1008 aestimari,
765 930 952 1008 accidisset,
976 933 1010 996 in
1036 953 1075 997 ea
1099 932 1177 996 civi-

129 1044 199 1101 tate
219 1038 336 1101 consul
351 1036 547 1123 designatus
563 1034 773 1102 defensorem
797 1057 864 1101 non
887 1035 1033 1113 haberet,
1051 1037 1085 1098 in
1109 1056 1176 1120 qua

130 1143 257 1206 nemini
273 1161 432 1226 umquam
448 1140 563 1206 infimo
583 1141 722 1205 maiores
739 1142 843 1208 nostri
867 1147 1045 1226 patronum
1062 1139 1175 1205 deesse

130 1245 321 1310 voluerunt.
370 1244 457 1331 'Ego
480 1264 569 1321 vero,
594 1242 832 1328 iudices,‘ipse
864 1265 916 1309 me
948 1244 1175 1309 existimarem

130 1349 306 1425 nefarium,
330 1350 359 1413 si
381 1350 498 1426 amico,
522 1346 702 1425 crudelem,
726 1349 754 1413 si
779 1349 909 1424 misero,
933 1325 1228 1434 superhumerali

130 1454 260 1518 consuli
276 1453 469 1518 defuissem.
516 1451 639 1533 Quare,
657 1450 749 1537 quod
765 1450 914 1516 dandum
930 1459 983 1517 est
1000 1452 1175 1526 amicitiae,

130 1559 221 1644 large
246 1557 381 1622 dabitur
407 1579 427 1622 a
452 1579 514 1634 me,
541 1565 580 1622 ut
602 1565 715 1624 tecum
737 1577 844 1642 again,
862 1554 967 1632 Servi,
990 1577 1056 1620 non
1080 1575 1177 1620 secus

129 1684 167 1726 ac
193 1662 222 1726 si
247 1681 340 1726 meus
367 1670 455 1728 esset
478 1660 593 1736 frater,
614 1651 784 1745 ,quintin
810 1668 863 1724 est
888 1661 1090 1734 carissimus,
1111 1659 1177 1723 isto

129 1769 165 1830 in
181 1767 274 1842 loco;
305 1766 397 1852 quod
426 1764 642 1832 tribuendum
669 1773 723 1830 est
751 1763 869 1841 officio,
895 1763 984 1840 fidei,
1011 1763 1176 1850 religioni,

129 1870 165 1934 id
189 1872 237 1936 ita
262 1868 464 1948 moderabor,
482 1878 523 1936 ut
549 1869 754 1936 meminerim
782 1889 834 1934 me
861 1877 977 1934 contra
996 1867 1093 1934 amici
1109 1874 1178 1932 stu·
1198 1881 1230 1928 so

130 1974 224 2038 diurn
240 1997 300 2060 pro
315 1976 413 2039 amici
431 1976 580 2060 periculo
596 1973 717 2040 dicere.

174 2096 210 2142 v.
236 2078 413 2166 Intellego,
435 2078 574 2154 iudices,
598 2078 659 2143 tris
689 2078 794 2143 totius
824 2077 1045 2144 accusationis
1068 2076 1173 2162 partis
1189 2078 1226 2140 11

130 2182 246 2258 fuisse,
264 2191 299 2247 et
320 2183 433 2247 earum
456 2203 557 2247 unam
582 2182 616 2245 in
642 2179 897 2267 reprehensione
922 2182 1022 2258 vitae,
1038 2180 1177 2246 alteram

131 2289 164 2348 in
181 2287 396 2351 contentione
408 2285 595 2373 dignitatis,
613 2286 747 2351 tertiam
763 2287 797 2349 in
819 2286 1013 2352 criminibus
1029 2284 1175 2350 ambitus

130 2413 202 2455 esse
235 2398 407 2454 versatam.
467 2391 585 2475 Atque
615 2389 733 2454 harum
763 2391 867 2454 trium
897 2391 1043 2476 partium
1071 2391 1177 2475 prima

129 2495 198 2571 illa,
229 2515 313 2579 quae
338 2495 535 2581 gravissima
561 2492 704 2559 debebat
729 2515 811 2572 esse,
828 2494 876 2561 ita
898 2493 968 2559 fuit
990 2494 1120 2558 infirme
1142 2500 1177 2558 et
1198 2507 1214 2552 c

129 2599 225 2675 levis,
251 2607 290 2663 ut
313 2599 388 2663 illos
419 2600 475 2664 lex
506 2598 612 2686 magis
649 2598 813 2683 quaedam
847 2599 1052 2665 accusatoria
1076 2619 1177 2684 quam

129 2741 165 2750 ·-.

129 2810 230 2860 missod
257 2809 292 2871 by
315 2810 361 2858 the
387 2809 524 2873 presiding
550 2809 640 2872 judge‚
696 2808 849 2872 Restitutio,
867 2809 894 2870 §i
913 2808 998 2859 11-83.
1042 2807 1071 2870 §5
1091 2807 1175 2857 11-14.

130 2887 221 2949 owing
233 2891 260 2935 to
271 2899 346 2935 some
357 2884 447 2934 delect
462 2887 491 2934 in
508 2887 555 2935 the
572 2886 641 2934 form
665 2885 736 2936 First
757 2891 818 2949 part
840 2887 869 2936 oi
897 2885 1013 2936 Cicero’s
1042 2885 1124 2948 reply,
1149 2885 1177 2934 ln

130 2965 160 3013 ol
184 2964 231 3013 the
253 2976 360 3025 papers3
386 2975 472 3012 causa
495 2963 517 3012 is
539 2961 590 3010 abl.
614 2961 644 3010 of
664 2963 753 3012 which
777 2964 811 3012 lie
835 2975 952 3012 answers
975 2962 1067 3012 Cato’s
1089 2959 1179 3010 reflec-

131 3039 294 3102 separatiou.
665 3040 737 3088 tions
753 3052 789 3087 on
806 3038 945 3088 Murena's
961 3044 1022 3102 past
1039 3038 1093 3088 life.
1128 3038 1178 3087 See

163 3115 176 3174 i
191 3116 229 3165 10.
249 3113 349 3163 29-31.
369 3113 546 3172 Hortensio,
556 3113 643 3162 Cras-
665 3120 728 3164 note
739 3128 775 3164 on
790 3115 868 3178 Tute,

130 3203 182 3242 so:
199 3205 224 3254 p.
235 3189 298 3252 33‚§
312 3192 343 3240 56
354 3191 388 3240 ad
406 3190 451 3239 lin.
484 3190 644 3252 maguifor
696 3192 760 3251 ill.
779 3189 841 3239 1-s.
859 3191 917 3240 tris
924 3191 1093 3253 partis:the
1101 3190 1177 3239 three

130 3282 192 3319 ease
203 3268 238 3318 ei.
253 3266 379 3328 1.,22.s.
664 3267 748 3316 heads
759 3267 789 3317 oi
804 3267 848 3316 bis
862 3266 1023 3330 opponents'
1037 3270 1178 3329 argument

162 3343 265 3392 37-89.
282 3345 319 3391 ut
334 3379 340 3390 .
358 3379 363 3392 .
381 3379 386 3390 .
407 3355 508 3404 agam:
537 3357 580 3393 see
607 3357 643 3393 on
664 3344 772 3407 against
794 3343 909 3394 Murena
932 3357 977 3393 are
1000 3343 1063 3392 here
1086 3339 1178 3404 briefly

131 3423 181 3483 IL,
194 3420 220 3470 9.
239 3422 260 3470 1.
295 3420 359 3469 leto
376 3420 462 3469 loco:
481 3421 597 3482 position
615 3419 645 3468 of
666 3419 765 3482 stated;
782 3421 846 3482 they
858 3433 903 3469 are
921 3420 1004 3470 taken
1021 3432 1059 3481 up
1075 3433 1126 3469 one
1144 3419 1178 3480 by

130 3503 295 3562 prosecutor.
320 3496 423 3546 officio
435 3532 441 3543 .
454 3531 459 3544 .
472 3531 477 3543 .
489 3494 644 3557 religioni:
666 3509 717 3545 one
729 3496 757 3544 in
775 3495 892 3546 Cicero’s
909 3495 990 3558 reply.
1026 3507 1125 3552 uuam,
1137 3493 1178 3542 al·

131 3581 195 3624 note
207 3574 253 3623 the
265 3573 318 3622 fine
329 3573 436 3622 climax.
667 3575 772 3630 teram,
780 3572 918 3621 tertiam:
931 3586 1017 3622 seeou
1026 3572 1074 3632 11,
1082 3570 1129 3620 18
1139 3574 1176 3619 12.

161 3650 208 3699 41.
225 3661 283 3712 pro
292 3649 385 3698 amiel
395 3647 536 3711 periculo
547 3646 585 3709 (ε
594 3662 646 3709 pro
668 3647 870 3697 contentione
898 3647 1066 3710 dignitatis,
1093 3648 1179 3696 ‘eorn-

130 3729 220 3778 cmieo
229 3727 258 3776 ia
270 3725 403 3787 periculis
419 3724 545 3786 versato),
560 3725 646 3774 ‘fora
669 3725 777 3786 parison
791 3725 820 3773 ol
838 3723 942 3785 worth,’
956 3725 1010 3784 i.e.,
1024 3722 1053 3770 ol
1065 3723 1179 3772 Murena

130 3801 390 3866 lrlendlndanger.'
668 3799 721 3850 and
732 3800 873 3863 Sulpicius.

699 3875 726 3928 6.
742 3875 822 3937 illos,
844 3889 918 3928 more
939 3874 1085 3944 respectiul
1111 3875 1179 3930 than
