2936 4376
466 330 547 382 cnr.
571 331 660 393 23-25,
684 331 698 393 s
721 330 809 382 sero.
1150 319 1214 385 335

116 503 203 570 dicio
218 505 383 578 amiserat,
398 522 457 586 per
473 502 542 566 vim
558 500 784 586 recuperando
800 501 1011 587 cogitavisse.
1045 500 1161 587 Neque

116 610 205 674 enim
221 609 362 674 istorum
375 606 561 672 facinorum
574 614 753 681 tantorum,
765 613 833 670 tam
849 606 1012 669 atrocium
1025 607 1161 684 crimen,

115 712 255 789 iudices,
278 712 315 775 P.
339 710 453 776 Sullae
477 732 618 796 persona
640 711 791 796 suscipit.
1185 729 1215 776 20

159 817 230 882 Iam
260 818 350 882 enim
382 814 501 881 faciam
539 814 734 880 criminibus
767 814 921 880 omnibus
952 815 1021 880 lere
1056 814 1214 882 disse-69

66 949 67 954 ¹
115 921 206 998 lutis,
238 931 354 986 contra
385 929 487 1006 atque
518 921 552 984 in
586 920 706 984 ceteris
737 920 846 984 causis
886 919 957 984 fieri
995 920 1092 996 solet,
1124 928 1164 985 ut

115 1048 204 1092 nunc
230 1026 376 1112 denique
402 1024 443 1090 de
469 1025 540 1090 vita
564 1024 706 1089 hominis
737 1046 775 1089 ac
799 1023 840 1089 de
872 1023 1019 1090 moribus
1042 1023 1161 1090 dicam.

114 1130 250 1196 Etenim
273 1129 313 1196 de
338 1130 504 1220 principio
528 1127 663 1194 studuit
685 1129 815 1193 animus
840 1150 1013 1194 occurrere
1037 1131 1164 1216 magni·

115 1235 225 1300 tudini
246 1236 405 1310 oriminis,
429 1235 512 1298 satis
536 1233 643 1298 lacere
663 1234 890 1318 expectationi
912 1232 1096 1310 hominum,
1120 1233 1161 1300 de
1184 1250 1214 1296 25

114 1361 166 1405 me
189 1338 317 1425 aliquid
342 1341 423 1424 ipso,
441 1339 500 1424 qui
524 1345 700 1402 accusatus
718 1359 817 1412 eram,
835 1336 965 1413 dicere;
991 1339 1161 1403 nunciam

113 1443 292 1509 revocandi
307 1444 388 1509 estis
405 1465 455 1518 eo,
472 1464 541 1526 quo
560 1464 616 1507 vos
635 1443 706 1526 ipsa
726 1463 826 1506 causa
842 1443 942 1506 etiarn
960 1450 1092 1507 tacente
1110 1464 1160 1508 me

112 1551 205 1636 cogit
234 1550 360 1612 animos
392 1555 588 1632 mentesque
620 1555 825 1611 convertere.
873 1563 962 1609 xxv.
995 1545 1161 1614 Omnibus

113 1655 148 1717 in
165 1654 271 1731 rebus,
289 1653 426 1728 iudices,
444 1674 531 1738 qnae
552 1653 722 1738 graviores
743 1651 950 1736 maioresque
970 1659 1060 1727 sunt,
1077 1652 1161 1738 quid

113 1761 256 1844 quisque
281 1759 436 1834 voluerit,
459 1757 626 1844 cogitarit,
652 1755 832 1832 admiserit,
851 1777 917 1820 non
942 1777 984 1820 ex
1008 1757 1158 1833 crimine,

111 1862 235 1927 sodex
260 1861 405 1926 moribus
428 1862 510 1938 elue,
535 1861 595 1946 qui
626 1861 790 1947 arguitur,
821 1868 874 1924 est
896 1859 1157 1944 ponderandum.

113 1966 231 2052 Neque
266 1968 355 2032 enim
391 1972 504 2050 potest
534 1966 714 2051 quisquam
744 1972 898 2029 nostrum
933 1964 1046 2029 subito
1077 1965 1158 2052 fingi
1196 1983 1211 2028 5

113 2093 221 2156 neque
245 2072 444 2155 cuiusquam
468 2076 604 2154 repente
622 2070 692 2134 vita
715 2070 838 2133 mutari
860 2077 921 2133 aut
943 2077 1063 2133 nature
1085 2091 1160 2134 oon-

112 2177 209 2241 verti.
268 2174 523 2259 Circumspicite
555 2174 725 2258 paulisper
754 2173 922 2238 mentibus
953 2175 1085 2248 vestris,
1117 2185 1155 2238 ut
1171 2179 1211 2240 ⁷0

111 2280 176 2343 alia
200 2281 382 2354 mittamus,
408 2278 506 2343 hosce
538 2279 626 2362 ipsos
658 2278 816 2354 homines,
842 2279 901 2363 qui
924 2278 1003 2342 huic
1031 2277 1157 2343 adfines

110 2384 227 2449 sceleri
259 2383 409 2448 fuerunt.
456 2382 603 2447 Catilina
632 2390 748 2447 contra
777 2404 847 2448 rem
884 2381 1053 2467 publicam
1084 2404 1159 2447 oon·

138 2566 183 2615 20.
196 2578 344 2628 persona:
356 2579 400 2615 see
409 2579 444 2615 on
454 2562 467 2620 i
476 2565 499 2614 8.
511 2564 534 2616 'i.
557 2577 622 2612 sus·
647 2564 698 2614 ΙΙΙ.
713 2564 739 2612 7.
754 2566 790 2614 16.
815 2567 926 2614 contra
940 2568 1050 2626 atque:
1062 2565 1110 2613 'see
1122 2579 1158 2614 ou

111 2643 196 2705 cipit,
211 2643 290 2693 ‘does
303 2648 351 2692 not
363 2642 458 2701 admit,
471 2641 588 2704 justiiy.'
647 2640 697 2690 ΙΙΙ.
716 2641 761 2690 20.
784 2641 823 2690 30.
859 2653 908 2689 me
931 2639 1050 2702 aliquid
1073 2640 1158 2702 ipso:

143 2718 206 2776 §bs
226 2720 382 2769 Transition
400 2725 429 2768 to
441 2719 488 2768 the
501 2718 551 2766 last
562 2724 622 2779 part
645 2717 688 2766 for
705 2719 751 2767 the
773 2717 933 2767 collocation
955 2717 990 2766 ct.
1015 2718 1029 2779 §
1054 2718 1090 2766 15.
1116 2719 1155 2767 20.

110 2797 140 2846 ot
159 2798 205 2846 the
225 2797 320 2858 speech
336 2792 375 2857 (ii
397 2794 498 2856 69-88),
518 2795 565 2843 the
581 2809 623 2844 so-
644 2794 764 2843 animos
791 2797 981 2855 mentesque,
1005 2794 1158 2856 constently

111 2873 194 2922 called
206 2872 344 2934 probabile
365 2886 397 2921 ex
417 2874 475 2922 cita
494 2886 525 2920 or
544 2885 622 2933 argu·
644 2872 784 2920 combined
808 2872 835 2919 in
854 2871 947 2920 Latin:
967 2871 1002 2919 cf.
1024 2870 1045 2919 I.
1065 2871 1111 2919 27.
1129 2873 1156 2928 4:

110 2955 185 2998 ment
209 2950 279 2998 from
302 2949 349 2997 the
369 2949 509 2997 character
526 2948 555 2997 ot
575 2948 620 2995 the
643 2947 767 3011 properly
780 2958 854 2996 mens
868 2948 891 2997 is
904 2947 1034 3007 inbellem,
1048 2949 1157 2997 antinus

109 3025 230 3074 aocused.
268 3025 312 3074 All
331 3025 377 3074 the
396 3025 501 3074 Roman
518 3025 621 3073 writers
645 3025 763 3074 intellect
781 3025 834 3075 and
859 3024 967 3087 teellng.
1005 3025 1083 3074 ‘Soul
1102 3025 1156 3074 and

109 3116 144 3150 on
169 3103 284 3152 rhetoric
300 3115 378 3164 agree
396 3102 455 3151 that
473 3101 527 3150 this
545 3114 621 3162 argu·
642 3102 728 3163 mind,
749 3103 826 3151 heart
846 3101 899 3151 and
920 3100 998 3160 soul,’
1019 3107 1080 3161 etc,
1103 3101 1155 3150 will

109 3184 185 3227 ment
207 3178 303 3228 should
326 3192 402 3228 come
422 3177 494 3240 early
517 3179 545 3226 in
573 3177 619 3226 the
642 3178 770 3228 translate
782 3179 857 3227 them
869 3178 942 3240 quite
954 3177 1121 3240 adequstely.

109 3256 207 3317 speech
229 3254 333 3317 (Quint.
354 3255 398 3303 vii.
413 3256 436 3303 2.
451 3256 494 3305 27:
515 3267 577 3303 num
596 3255 620 3303 is
642 3297 647 3312 ,
940 3296 944 3305 .

109 3333 176 3382 ordo
194 3335 233 3381 cst
251 3331 393 3392 nefacere
411 3331 534 3390 coluerit,
546 3333 620 3391 pote·
673 3331 734 3380 2-5.
758 3331 924 3394 graviores,
944 3330 1085 3387 maiores,
1112 3331 1156 3380 ‘ot

108 3410 155 3470 rit,
174 3407 296 3469 fecerit),
320 3408 374 3456 and
395 3407 488 3456 Cicero
511 3407 619 3468 departs
642 3422 715 3458 more
728 3409 793 3457 than
806 3407 882 3457 usual
897 3413 1018 3457 moment
1035 3407 1089 3457 and
1108 3408 1156 3456 hn-

108 3485 172 3534 here
190 3485 260 3535 from
277 3485 324 3534 the
345 3483 401 3533 rule
421 3482 484 3545 only
497 3483 618 3542 because,
642 3485 789 3546 portance!
824 3483 935 3544 Neque
947 3482 1029 3531 enim
1041 3484 1155 3544 potest,

109 3564 137 3610 iu
149 3562 204 3610 this
217 3575 276 3610 case
288 3561 317 3610 ot
329 3559 413 3620 Sulla,
425 3560 472 3609 the
479 3559 619 3620 probabile
642 3573 659 3607 a
680 3557 814 3620 protound
837 3558 955 3619 thought
978 3557 1038 3607 thet
1062 3557 1083 3606 is
1110 3571 1156 3606 ex-

107 3652 140 3686 ec
151 3639 210 3687 cita
221 3651 287 3700 gave
306 3638 351 3686 the
369 3636 428 3685 best
445 3635 620 3698 opportunity
642 3636 748 3696 pressed
760 3635 903 3684 elsewhere
916 3635 950 3696 hy
962 3633 1063 3684 Cicero.

108 3713 151 3763 toi·
162 3713 303 3763 oratoricai
315 3713 428 3774 display.
675 3713 689 3773 ἕ
713 3712 751 3764 to.
782 3711 812 3768 Β.
827 3711 853 3760 9.
882 3710 1001 3760 adfines
1028 3711 1154 3760 sceleri:

140 3788 241 3838 21-28.
257 3789 371 3838 faciam
395 3792 430 3837 ut
447 3825 452 3836 .
470 3825 475 3835 .
493 3825 499 3836 .
517 3788 621 3837 dicam
644 3789 685 3837 ior
695 3789 785 3837 dative
797 3789 831 3837 cf.
848 3788 897 3838 IV.
911 3786 937 3837 6.
949 3789 992 3850 24;
1009 3788 1053 3837 ior
1070 3803 1086 3838 a
1103 3787 1155 3839 dii-

111 3889 136 3920 .-.,
147 3866 236 3921 dicam
247 3866 308 3936 (tut.
322 3865 416 3933 indic.)
426 3865 517 3919 alone:
529 3879 573 3920 sec
585 3879 620 3917 ou
644 3866 731 3914 ferent
742 3880 802 3916 case
815 3867 828 3928 ᾖ
844 3867 879 3918 u.
893 3867 932 3916 45.
