2924 4372
500 293 580 354 ear.
605 293 661 362 3-4,
686 293 700 363 s
722 293 778 352 v-c.
1177 280 1219 350 87

122 475 251 564 impetu
274 499 345 542 esse
369 473 562 548 confideres,
582 471 760 536 sensistine
787 468 879 533 illam
904 468 1068 533 coloniam
1096 490 1168 534 meo
1191 481 1221 526 aa

123 585 216 648 iussu
239 583 320 646 meis
343 577 526 664 praesidiis,
544 573 716 649 custodiis,
735 574 861 658 vigiliis
884 593 955 637 esse
980 574 1167 636 munitam?

124 686 217 752 Nihil
240 686 322 771 agis,
346 682 431 746 nihil
458 681 595 754 moliris,
618 678 704 741 nihil
730 677 868 762 cogitas,
894 675 985 760 quod
1013 698 1080 741 non
1107 701 1170 765 ego

123 812 191 855 non
207 789 305 854 modo
320 787 464 861 audiam,
480 783 656 849 sedetiam
679 780 811 846 videam
834 780 1000 866 planeque
1016 784 1169 846 sentiam.

124 913 173 958 Ν.
208 896 421 979 Recognosce
449 887 586 953 tandem
612 908 743 950 mecum
768 893 901 949 noctem
926 885 1018 949 illam
1047 889 1172 971 superi-

125 1019 230 1073 orem3
255 998 320 1061 iam
336 994 514 1079 intelleges
531 990 637 1054 multo
654 1009 706 1053 me
723 989 864 1074 vigilare
890 990 999 1054 acrius
1022 988 1065 1054 ad
1087 991 1171 1056 salu·

124 1111 192 1167 tem
209 1122 310 1186 quam
325 1107 358 1163 te
374 1097 416 1162 ad
433 1096 613 1182 perniciem
629 1094 676 1159 rei
694 1091 856 1178 publicae.
907 1093 992 1158 Dico
1008 1101 1041 1159 te
1063 1096 1170 1179 priore

125 1214 222 1270 nocie
254 1205 384 1270 venisse
411 1202 501 1265 inter
531 1198 683 1262 falcarios
713 1201 799 1280 (non
828 1217 924 1284 agam
949 1197 1108 1281 obscure)
1137 1200 1171 1261 in

126 1311 173 1374 M.
191 1309 316 1373 Laecae
340 1306 495 1379 domum;
520 1301 716 1369 convenisse
743 1299 860 1364 eodem
883 1302 1071 1387 complures
1090 1303 1174 1367 eius·
1209 1314 1224 1358 ⁶

125 1414 201 1478 dem
217 1413 381 1476 amentiae
397 1409 599 1492 scelerisque
622 1405 739 1468 socios.
787 1403 877 1470 Num
901 1427 1021 1492 negare
1045 1405 1173 1472 audes?

126 1517 209 1603 quid
234 1516 348 1580 taces?
393 1512 609 1585 Convincam,
636 1509 665 1572 si
693 1529 804 1593 negas.
853 1509 963 1574 Video
990 1511 1079 1575 enim
1102 1532 1173 1576 esse

125 1622 180 1685 hic
207 1621 242 1684 in
269 1626 389 1683 senatu
418 1614 591 1702 quosdam,
618 1612 679 1697 qui
710 1619 822 1676 lecum
854 1635 921 1677 una
949 1613 1097 1680 fuerunt.
1145 1614 1211 1680 09

126 1725 162 1789 di
185 1720 399 1788 inmortales!
424 1720 559 1784 ubinam
586 1717 739 1802 gentium
767 1718 908 1782 sumus?
943 1719 1067 1803 inqua
1093 1718 1174 1784 urbe

126 1828 298 1894 vivimus?
321 1846 421 1910 quam
437 1845 505 1889 rem
522 1821 691 1906 publicam
708 1819 894 1886 habemus?
933 1822 1008 1899 Hic,
1026 1823 1079 1888 hic
1094 1831 1177 1887 suni
1198 1834 1227 1880 1⁰

126 1936 163 1998 in
184 1940 298 1997 nostro
322 1949 470 2003 numero,
488 1933 597 2011 patres
623 1926 812 2010 conscripti,
829 1927 864 1989 in
888 1927 950 1992 hoc
966 1927 1054 1992 orbis
1070 1935 1176 1993 terrae

126 2037 337 2104 sanctissimo
359 2031 624 2120 gravissimoque
650 2031 799 2105 consilio
825 2031 884 2116 qui
908 2029 950 2096 de
973 2040 1089 2096 nostro
1111 2053 1177 2096 om-

128 2247 198 2296 Iam
210 2247 293 2308 going
306 2249 336 2292 to
353 2257 399 2304 say
410 2241 438 2290 l’
473 2240 640 2293 Praeneste.
667 2236 780 2285 riorem
798 2241 925 2288 noctem
939 2241 1071 2301 :priore
1090 2244 1177 2302 nocte,

127 2327 230 2383 twenty
248 2319 324 2368 miles
341 2318 491 2366 south-casa
508 2315 537 2363 ol
557 2314 640 2362 Rome
668 2313 683 2362 l.
694 2314 718 2373 3,
733 2316 807 2362 uliae
819 2315 919 2378 night?

129 2401 157 2448 in
180 2399 229 2447 the
252 2395 389 2445 Hernican
413 2391 577 2441 mountains.
614 2387 640 2436 lt
699 2390 725 2449 4,
738 2391 763 2438 5.
780 2391 861 2440 incer
872 2392 1026 2451 falcarios,
1040 2394 1116 2444 ‘into
1132 2394 1179 2443 the

128 2474 183 2524 had
205 2475 272 2522 been
293 2473 338 2520 the
357 2471 409 2518 last
432 2464 590 2528 stronghold
612 2462 642 2513 oi
668 2473 750 2517 street
761 2469 791 2516 oi
806 2469 852 2518 the
864 2470 1083 2532 seythemakers)
1117 2471 1181 2528 Sev-

128 2553 177 2600 lhe
189 2563 309 2612 younger
319 2547 421 2596 Marius
435 2545 462 2593 in
481 2544 521 2600 82,
535 2539 588 2589 and
606 2553 640 2587 on
668 2542 723 2590 eral
740 2548 836 2592 streets
852 2544 882 2592 of
904 2544 988 2594 Rome
1005 2559 1074 2595 vere
1095 2545 1179 2596 called

132 2628 166 2675 its
175 2624 352 2687 capitulation
363 2620 438 2671 Sulla
449 2618 503 2667 had
513 2623 562 2679 put
571 2619 642 2664 mosi
670 2619 740 2668 aiter
766 2620 813 2668 the
841 2622 994 2670 lrarlesmen
1022 2623 1083 2673 who
1109 2622 1180 2671 lived

129 2702 160 2751 oi
177 2701 212 2750 its
224 2701 334 2749 citizens
350 2705 379 2748 to
396 2697 485 2746 death.
522 2695 564 2742 He
582 2692 642 2742 sub·
671 2710 744 2758 upon
755 2697 837 2746 them.
874 2697 1180 2760 Fortlreprepositlonal

129 2775 272 2837 Sequently
289 2772 452 2823 established
475 2785 526 2820 one
549 2770 578 2819 oi
600 2769 643 2816 liis
669 2774 767 2837 phrase
782 2788 812 2823 as
828 2788 845 2822 a
861 2788 940 2823 name
957 2777 991 2823 ei,
1011 2775 1058 2824 the
1074 2775 1181 2824 famous

128 2850 250 2900 colonies
265 2863 302 2898 oh
319 2850 354 2898 its
372 2849 431 2908 site,
451 2847 504 2894 and
524 2843 642 2894 Catilina
671 2863 774 2898 avenne
786 2849 815 2898 of
832 2848 923 2898 Berlin
938 2849 1105 2899 ‘Unterden
1118 2849 1183 2898 Lin-

128 2922 551 2990 lropcdtouseitasaiortified
563 2926 632 2984 post.
670 2925 740 2974 den'
775 2925 808 2972 in
832 2924 874 2974 M.
901 2923 1020 2973 Laecae
1048 2924 1182 2973 domum

163 3002 209 3051 26.
226 3001 397 3064 praesidiis.
431 3001 643 3062 Synonyms:
671 3001 756 3050 When
776 3001 967 3062 accompanied
992 3000 1025 3060 by
1042 3014 1057 3049 a
1080 3013 1184 3062 posses·

126 3079 273 3142 praesidia
301 3093 317 3127 a
347 3075 502 3140 *εν-1260113
533 3089 567 3124 on
596 3076 644 3124 ilie
671 3077 1061 3143 slveprononnoragenilive
1077 3076 1183 3125 domum

129 3156 216 3216 walls,
242 3155 384 3205 custodiae
407 3155 453 3202 the
477 3151 641 3211 ‘sentinels‚’
673 3154 812 3218 (whither)
826 3169 888 3216 may
899 3167 930 3202 or
943 3165 1004 3213 may
1016 3156 1065 3199 not
1082 3151 1150 3199 have
1167 3165 1183 3200 a

128 3238 160 3282 aa
178 3232 225 3281 the
245 3237 328 3294 gaces,
350 3230 463 3291 oiniiiue
482 3229 529 3277 the
551 3228 645 3290 ‘night
673 3233 846 3295 preposition.

129 3307 239 3359 walch!
704 3310 753 3371 §a
775 3308 802 3357 9.
826 3307 952 3356 ubinam
996 3303 1183 3366 gentium,

164 3384 354 3447 Explaincase
371 3382 401 3433 oi
418 3380 560 3442 caedisti,
574 3380 645 3429 luce
674 3386 780 3435 ‘where
804 3385 831 3433 in
856 3385 901 3434 the
927 3381 1028 3432 world)
1065 3381 1132 3430 Caso
1154 3381 1184 3430 oi

129 3462 155 3523 7,
175 3464 207 3509 te
232 3461 271 3517 19,
290 3461 410 3520 ῘΜΡθῒῑῑ
433 3460 473 3517 25,
494 3455 579 3519 quod
602 3457 645 3516 273
672 3463 792 3522 nentium
811 3462 844 3510 A.
864 3461 920 3520 216,
935 3460 993 3520 α4;
1011 3457 1043 3507 G.
1062 3457 1118 3516 366,
1137 3457 1182 3508 371

129 3537 213 3587 mood
236 3537 267 3586 of
288 3538 439 3597 expectes
465 3535 489 3595 2,
519 3531 647 3583 oblivis-
673 3538 701 3597 43
718 3538 753 3586 H.
768 3537 853 3597 39743
869 3533 901 3587 Β,
916 3535 997 3588 2013.

129 3625 204 3664 cere
232 3615 256 3675 5,
280 3612 403 3661 futurus
426 3614 512 3660 esset
536 3611 575 3668 10,
603 3621 648 3658 re·
705 3612 750 3660 12.
767 3611 1032 3660 nostroomnium.
1066 3609 1124 3658 The
1140 3609 1185 3659 ad-

129 3690 355 3740 mansissemus
366 3690 407 3750 22,
418 3686 541 3736 audiam
553 3687 592 3736 28.
673 3688 772 3750 J'eetive
783 3700 874 3748 agrees
887 3685 952 3734 with
971 3686 1016 3734 the
1034 3698 1094 3748 gen.
1108 3684 1144 3747 pl.
1156 3685 1186 3733 ol

675 3764 721 3812 the
743 3761 867 3824 personui
886 3773 1010 3824 pronoun
1029 3760 1145 3831 implied·
1157 3761 1186 3809 in

163 3843 190 3894 1.
207 3839 495 3902 tandem,see0n§1.
508 3839 529 3889 1.
560 3849 649 3900 supe·
674 3839 722 3887 the
737 3835 885 3900 possessive
898 3839 1009 3899 nostr03
1025 3847 1070 3886 see
1081 3835 1095 3898 ς
1107 3834 1130 3898 7,
1144 3835 1185 3899 22,
