2924 4372
545 285 626 340 csr.
652 287 689 352 13,
713 287 727 354 e
749 283 789 340 aa
1172 267 1237 341 169

69 488 71 492 ·
139 473 191 530 est
220 462 301 528 mihi
334 470 369 528 et
402 460 591 528 adversario
626 484 709 539 mec,
746 461 780 526 id
814 484 885 526 esse
920 469 1053 549 gratum
1092 462 1186 526 nullo
1223 480 1238 523 s

138 578 237 654 pacto
268 574 389 653 potest.
437 566 557 652 Itaque
588 587 655 630 non
686 565 785 631 modo
817 566 968 631 beneficii
999 564 1186 632 collocandi

137 696 242 758 spem,
269 671 330 738 sed
356 672 457 736 etiarn
488 669 584 746 illud,
613 670 705 755 quod
735 669 918 755 aliquando
946 669 1022 748 fuit,
1056 670 1186 734 ‘Llou'r

138 776 376 843 conspurcare?
389 776 397 802 '
413 778 478 841 iam
490 774 694 861 perdidistis.
741 774 879 860 Sapiens
892 775 1075 840 existimari
1089 797 1186 840 nemo

138 889 250 967 potest
273 883 308 945 in
335 903 374 948 ea
398 880 587 966 prudentia,
605 901 692 965 quae
718 901 828 966 neque
854 888 950 944 extra
974 880 1112 944 Romam
1137 901 1188 946 us-

137 1009 240 1072 quam
271 1007 381 1072 neque
413 987 538 1051 Romae
570 984 669 1050 rebus
701 984 840 1069 prolatis
871 984 1052 1070 quicquam
1084 983 1184 1048 valet.
1210 999 1238 1046 10

138 1091 274 1157 Peritus
306 1090 382 1155 ideo
409 1089 522 1156 haberi
554 1111 652 1155 nemo
683 1095 804 1173 potest,
832 1087 925 1172 quod
951 1089 985 1152 in
1017 1109 1066 1164 eo,
1094 1086 1187 1173 quod

136 1197 251 1260 sciunt
271 1215 397 1271 omnes,
414 1194 510 1258 nullo
535 1193 633 1258 modo
658 1201 801 1278 possunt
824 1192 913 1258 inter
927 1214 962 1258 se
989 1192 1185 1278 discrepare.

137 1298 295 1363 Difficilis
326 1306 439 1363 autem
470 1319 523 1363 res
554 1297 629 1362 ideo
661 1319 728 1362 non
758 1303 907 1382 putatur,
935 1295 1028 1383 quod
1053 1304 1089 1362 et
1117 1317 1188 1382 per·

136 1404 254 1490 paucis
270 1411 305 1468 et
326 1404 460 1468 minime
486 1402 635 1467 obscuris
659 1403 781 1467 litteris
805 1403 1007 1468 continetur.
1055 1401 1186 1487 ltaque,

136 1509 275 1584 simili,
293 1508 419 1572 homini
444 1507 661 1573 vehementer
685 1515 858 1592 occupato,
884 1505 1094 1572 stomachum
1122 1526 1188 1570 mo
1210 1521 1239 1567 rs

136 1613 265 1688 veritis,
305 1611 418 1675 triduo
457 1633 509 1676 me
545 1612 627 1676 iuris
663 1612 856 1676 consultum
891 1633 962 1677 esse
998 1609 1185 1696 profitebor.

137 1716 284 1792 Etenim,
301 1737 387 1802 quae
413 1715 454 1782 dc
479 1715 606 1800 scripto
630 1724 788 1802 aguntur,
811 1717 936 1801 scripta
959 1723 1040 1780 sunt
1065 1716 1186 1793 omnia,

137 1842 249 1906 neque
267 1828 381 1886 tamen
397 1821 581 1906 quicquam
596 1827 666 1884 tam
684 1828 828 1907 anguste
849 1822 1012 1905 scriptum
1039 1829 1102 1898 est,
1118 1841 1187 1906 qno

36 1933 39 1938 '
136 1947 201 2012 ego
232 1947 301 1990 uon
324 1926 449 2011 possim
474 1923 582 2004 ‘QUA
605 1941 655 1988 Du
679 1942 727 1988 Ru
749 1925 909 1990 Aclrua'
934 1924 1076 2002 addere3
1100 1946 1187 2010 quae

137 2030 364 2094 consuluntur
385 2037 509 2104 autem,
527 2027 665 2092 minimo
680 2029 830 2113 periculo
847 2028 1102 2115 respondentur.
1149 2028 1184 2093 Si
1208 2044 1239 2090 ac

137 2134 182 2212 id,
201 2133 295 2219 quod
315 2141 458 2219 oportet,
475 2131 696 2218 responderis,
714 2133 802 2198 idem
819 2133 953 2198 videare
977 2131 1186 2220 respondisse

137 2237 231 2324 quod
247 2237 405 2314 Servius3
429 2239 483 2302 sin
499 2238 609 2314 aliter,
625 2237 727 2302 etiam
743 2246 997 2304 controversum
1013 2240 1075 2322 ius
1089 2259 1187 2304 nosse

171 2455 197 2513 7,
208 2454 235 2502 8.
251 2452 330 2501 illud
353 2452 474 2502 modifies
491 2452 538 2501 the
555 2451 652 2513 phrase
673 2457 797 2511 sectores,
822 2454 876 2503 and
902 2455 948 2504 the
972 2454 1058 2504 edicta
1085 2455 1115 2504 of
1142 2454 1189 2504 the

137 2532 203 2582 licet
219 2529 367 2580 consulere.
402 2527 578 2590 aliquando,
597 2529 650 2587 i.e.‚
673 2535 805 2590 praetore:
817 2530 1035 2594 aknowledgeof
1047 2531 1093 2580 the
1105 2531 1189 2580 forms

136 2608 230 2658 before
242 2605 403 2656 thetimeof
414 2605 463 2656 Cn.
475 2603 597 2654 Flavius:
609 2617 653 2654 see
673 2606 702 2654 of
724 2608 829 2657 actions
847 2607 934 2658 would
955 2608 1012 2658 also
1031 2607 1063 2658 be
1086 2607 1187 2658 needed

136 2699 173 2735 on
192 2685 206 2745 §
223 2684 263 2733 25.
282 2683 321 2732 20.
357 2694 445 2732 mour
464 2693 651 2742 conscensu,
675 2684 708 2746 by
720 2685 766 2734 the
778 2685 883 2747 lawyer.

139 2761 218 2822 ‘may
230 2761 244 2809 I
256 2760 306 2809 ask
317 2772 385 2822 your
397 2758 490 2808 advice
500 2757 529 2807 l'
548 2772 564 2806 a
576 2772 653 2820 ques·
705 2760 751 2818 17,
764 2761 809 2810 la
827 2774 906 2823 quae
918 2761 1088 2824 descripto
1097 2774 1188 2823 egum

137 2838 206 2898 tion,
228 2850 289 2898 says
313 2835 417 2896 Cicero,
436 2833 573 2897 J'estlngly‚
594 2834 653 2883 that
674 2840 731 2894 tur,
746 2837 873 2888 ‘irretiens
889 2838 919 2887 of
937 2837 1068 2900 (written)
1087 2838 1189 2888 formu·

137 2914 161 2963 is
178 2927 215 2963 no
235 2912 328 2975 longer
344 2917 394 2974 put
414 2915 443 2960 to
462 2924 516 2973 you
531 2910 651 2972 lawyers,
675 2913 734 2963 lae'
770 2914 858 2966 These
867 2915 920 2964 had
930 2914 1038 2977 already
1048 2915 1115 2964 been
1125 2914 1188 2978 pub

137 3003 200 3038 now
217 2989 342 3038 thartha
360 2986 531 3049 ‘mysteries’
553 3001 598 3036 are
615 3001 655 3036 re·
674 2991 769 3052 lished‚
784 2992 838 3042 and
855 2991 934 3041 could
952 2992 984 3042 bs
1001 2992 1086 3043 found
1104 2991 1188 3054 easily

138 3065 240 3116 vealed.
674 3067 782 3128 enough
799 3066 834 3128 by
850 3080 902 3128 any
917 3081 968 3116 one
987 3067 1047 3115 who
1063 3066 1142 3116 cared
1159 3072 1188 3114 to

170 3141 216 3190 10.
234 3140 327 3190 rebus
350 3139 534 3201 prolatis,
559 3139 653 3188 ‘when
676 3140 738 3190 look
761 3141 836 3190 them
858 3155 903 3204 up.
939 3153 1009 3202 quc,
1033 3140 1093 3190 adv.
1111 3164 1136 3190 =
1150 3140 1188 3190 cll

137 3218 261 3268 business
274 3218 296 3266 is
307 3215 390 3278 over‚'
403 3215 498 3266 ‘when
507 3221 597 3267 courts
609 3230 654 3266 are
674 3221 755 3282 quod.

137 3294 307 3357 sdJ'oumed‚’
322 3295 377 3356 i.e.‚
390 3293 490 3358 during
500 3294 546 3344 the
564 3293 653 3356 public
705 3297 809 3355 122⁰·
826 3309 891 3358 Qus
921 3311 962 3348 ur.
994 3311 1033 3348 nu
1062 3309 1185 3349 norrun.

137 3385 238 3434 gemes,
262 3385 298 3420 on
322 3371 380 3420 dies
402 3370 506 3431 nefasti
535 3370 590 3433 (see
618 3384 653 3419 on
675 3374 768 3424 Cicero
781 3389 874 3425 nicans
883 3376 943 3425 that
952 3375 1008 3424 this
1017 3376 1114 3438 phrase
1124 3376 1146 3425 is
1158 3389 1188 3425 so

138 3448 205 3509 §aa
224 3446 277 3508 20),
296 3447 350 3496 and
368 3447 467 3512 during
483 3461 500 3496 a
518 3447 653 3498 iustitium
674 3451 846 3515 ridiculously
857 3466 982 3502 common
995 3453 1056 3502 that
1068 3454 1089 3502 it
1101 3451 1189 3515 might

138 3523 194 3587 (see
206 3539 241 3574 on
254 3525 268 3586 ξ
279 3525 319 3574 22.
333 3524 369 3587 6),
673 3528 706 3577 be
724 3527 808 3590 safely
820 3529 905 3578 added
923 3534 951 3579 to
968 3543 1021 3592 any
1033 3529 1083 3578 law
1095 3542 1186 3592 paper.

168 3599 486 3658 14.1itterie‚‘b00ks.’
522 3600 616 3650 Cicero
631 3601 653 3650 is
674 3615 753 3666 qnae
776 3605 989 3663 consuluntur,
1010 3605 1137 3655 ‘matters
1158 3605 1189 3654 of

138 3677 271 3740 speaking
298 3678 327 3727 of
354 3678 402 3728 the
432 3679 477 3728 ios
504 3678 651 3739 poenum,
674 3677 762 3728 verbal
775 3678 886 3740 advice‚’
901 3679 1019 3742 opposed
1031 3685 1060 3729 to
1072 3692 1143 3741 quoe
1154 3679 1187 3728 de

138 3753 228 3803 which
235 3769 291 3804 was
300 3755 445 3806 contained
455 3755 484 3804 in
492 3755 538 3804 the
546 3754 653 3805 Twelve
674 3756 777 3814 scripto
789 3759 917 3816 ocantur,
932 3755 948 3804 l.
964 3754 1001 3807 17.

138 3828 236 3882 Tables
248 3830 304 3894 (see
316 3845 352 3882 on
364 3832 378 3894 ς
390 3832 430 3880 25.
441 3830 494 3894 20),
505 3843 593 3894 avery
601 3831 653 3882 few
705 3829 750 3888 22,
763 3829 808 3878 23.
826 3831 911 3893 quod
924 3830 1061 3890 Servius,
1070 3845 1087 3881 a
1097 3843 1188 3895 grace-
