2870 4376
238 291 302 357 532
596 305 668 356 rao
690 306 721 356 r.
744 304 871 356 susrro
894 305 1043 358 carrio.

292 479 417 556 liceret,
434 500 495 544 neo
511 499 599 544 unus
622 479 657 542 in
680 498 885 563 quemquam
908 481 1070 563 umquam
1093 480 1221 565 gratior
1237 503 1342 565 quam

290 583 325 647 in
342 605 393 648 me
410 583 573 658 universi;
597 582 656 647 sed
682 589 794 648 tamen
824 582 912 647 illud
935 584 1071 668 scripsit
1098 583 1341 650 disertissimus

237 704 266 749 m
288 691 387 773 potita
407 709 467 772 pro
490 709 552 764 me,
569 687 640 772 egit
666 686 870 752 fortissimus
896 693 997 763 actor,
1015 709 1083 752 non
1109 688 1218 753 solum
1243 697 1342 774 optu-

290 813 373 868 mus,
396 791 437 856 de
466 811 627 867 me,cu1n
655 811 770 855 omnes
797 790 930 856 ordines
961 791 1216 868 demonstraret,
1245 814 1342 857 sena-

291 904 373 972 turn,
390 896 522 981 equites
545 895 722 973 Romanos,
739 895 936 961 universum
959 897 1122 981 populum
1147 897 1341 961 Romanum

288 1010 478 1066 accusaret:

334 1151 540 1237 Exulare
585 1170 761 1247 sinitis,
803 1171 940 1236 sistis
985 1171 1110 1255 pelli,
1155 1172 1342 1256 pulsum

234 1290 264 1337 30
388 1354 389 1358 Ἰ
1097 1275 1341 1359 patimini!

288 1464 382 1544 Quae
403 1472 480 1528 tum
506 1463 708 1550 significatio
736 1462 840 1528 fuerit
867 1463 1026 1539 omnium,
1045 1485 1130 1548 quae
1154 1463 1342 1529 declaratio

286 1570 473 1633 voluntatis
489 1568 531 1632 ab
546 1569 703 1632 universo
719 1567 844 1652 populo
858 1567 1009 1632 Romano
1025 1569 1060 1630 in
1074 1589 1173 1632 causa
1189 1567 1339 1632 hominis

286 1694 354 1736 non
381 1672 562 1757 popularis,
587 1671 745 1756 equidem
772 1670 958 1747 audiebam,
983 1672 1175 1735 existimare
1201 1670 1342 1736 facilius

287 1785 438 1861 possunt,
456 1778 516 1862 qui
531 1775 725 1841 adfuerunt.

214 1878 270 1940 123
330 1897 430 1944 tvm.
463 1881 509 1944 Et
535 1881 693 1966 quoniam
721 1880 787 1944 huc
815 1901 866 1944 me
895 1881 1052 1965 provexit
1079 1882 1194 1956 oratio,
1215 1880 1342 1946 histrio

283 2006 397 2048 casum
420 2005 532 2049 meum
559 1985 684 2049 totiens
700 1984 985 2063 conlacrumavit,
1004 2005 1081 2048 cum
1105 1985 1153 2048 ita
1181 1984 1342 2050 dolenter

285 2097 400 2175 ageret
415 2110 550 2154 causam
567 2109 684 2165 meam,
702 2094 742 2152 ut
754 2108 820 2152 vox
838 2088 909 2152 eius
927 2088 986 2150 ille
1002 2088 1171 2172 praeclara
1186 2089 1341 2154 lacrimis

288 2193 524 2276 impediretur;
562 2214 671 2277 neque
702 2195 830 2277 poitae,
857 2213 1000 2274 quorum
1032 2213 1094 2278 ego
1125 2213 1257 2276 semper
1290 2195 1342 2256 in-

247 2299 382 2381 sgenia
412 2296 526 2372 dilexi,
551 2297 691 2381 tempori
717 2317 790 2360 meo
817 2294 1017 2369 defuerunt3
1052 2316 1158 2380 eaque
1186 2297 1341 2380 populus

286 2401 455 2465 Romanus
472 2422 538 2463 non
555 2400 665 2464 solum
682 2400 813 2485 plausu,
830 2398 890 2464 sed
906 2399 1008 2463 etiam
1023 2401 1152 2485 gemitu
1168 2419 1231 2463 suo
1247 2421 1343 2464 com·

286 2505 448 2588 probavit.
496 2504 620 2568 Utrum
636 2505 743 2590 igitur
765 2502 845 2568 haec
862 2503 1036 2587 Aesopum
1059 2503 1172 2588 potius
1196 2525 1258 2589 pro
1284 2528 1341 2571 rne

285 2616 344 2672 aut
359 2608 502 2672 Accium
519 2607 629 2672 dicere
654 2607 813 2692 oportuit,
830 2607 860 2672 si
882 2606 1029 2692 populus
1054 2608 1225 2674 Romanus
1248 2609 1343 2674 liber

314 2844 415 2894 26-28.
456 2856 527 2894 cum
559 2843 795 2901 demonstraret,
819 2843 887 2892 been
914 2844 1003 2894 used?
1036 2843 1210 2893 hominis
1254 2857 1342 2896 non

281 2923 445 2970 accusaret
460 2944 485 2968 =
500 2921 697 2982 deruoustrune,
716 2935 796 2971 accu-
818 2920 984 2981 popularis,
1010 2920 1130 2982 monloel,
1157 2920 1187 2968 of
1211 2920 1339 2972 himself.

282 3012 363 3047 suris:
387 2998 476 3046 notice
496 2999 543 3046 the
565 2998 656 3045 rather
680 2997 795 3046 unusual
817 2996 990 3054 audiebam,
1011 2995 1137 3046 ‘learned
1159 2996 1195 3059 by
1218 2997 1342 3062 hearsay

281 3075 398 3135 position
417 3074 446 3122 oi
467 3075 514 3122 the
538 3087 599 3123 cum
618 3073 707 3123 clause
724 3074 797 3124 after
818 3069 924 3135 (only).’

281 3151 316 3200 its
327 3151 400 3199 verb.

312 3225 414 3275 29-33.
449 3227 549 3275 alatis:
578 3228 668 3276 where
692 3227 795 3277 mede?
849 3225 931 3286 5123.
951 3225 1014 3274 1-5.
1032 3225 1072 3274 nt
1096 3226 1258 3288 quoniam:
1286 3229 1341 3280 the

281 3301 323 3350 Oi.
338 3302 403 3362 544.
420 3301 460 3350 36.
496 3301 556 3350 The
576 3301 679 3364 change
700 3302 728 3350 in
747 3302 794 3351 the
816 3301 906 3351 clause
923 3302 986 3352 does
1005 3308 1054 3352 not
1072 3303 1174 3365 quality
1191 3301 1239 3352 the
1258 3306 1344 3367 prin-

280 3385 355 3426 tense
374 3378 396 3425 is
414 3378 574 3438 important:
593 3377 661 3439 ‘you
678 3378 793 3427 suffered
816 3377 886 3439 cipal
909 3379 982 3441 verb,
1007 3380 1056 3428 but
1078 3380 1128 3429 hoc
1153 3379 1214 3429 dico
1233 3382 1341 3431 under·

281 3463 308 3501 to
321 3455 352 3502 be
364 3452 461 3513 exiled,
475 3467 528 3515 you
540 3454 638 3516 permit
650 3459 679 3502 to
690 3455 793 3503 remain
816 3455 906 3504 stood:
923 3455 957 3504 oi.
970 3456 1016 3504 the
1029 3456 1132 3505 similar
1143 3455 1252 3519 elllpses
1265 3459 1341 3508 with

280 3529 386 3578 exiled!
443 3529 570 3578 luerit
604 3530 723 3591 depende
757 3545 794 3580 on
816 3530 1275 3595 quedl.16.38,stSu11..22.22;
1294 3535 1339 3584 11.

279 3606 442 3664 raistimure,
477 3605 494 3654 l.
529 3605 569 3666 33,
604 3605 708 3666 despite
746 3606 795 3656 the
815 3606 841 3654 3.
853 3608 877 3668 5,
897 3611 927 3657 ut
947 3609 976 3670 ἓξ
995 3609 1048 3658 101.
1067 3610 1110 3670 213
1133 3608 1172 3659 97.
1198 3610 1236 3658 15.
1285 3613 1341 3661 to-

280 3695 374 3730 nenrer
401 3682 554 3730 orrdiebum.
600 3682 640 3729 ab
668 3681 792 3742 populo,
815 3683 903 3742 tiens,
914 3684 943 3733 of
954 3699 1056 3746 course,
1071 3687 1099 3734 in
1110 3686 1158 3735 the
1170 3699 1245 3735 same
1259 3686 1338 3750 play.

279 3765 361 3819 agent
398 3758 463 3806 with
502 3759 549 3806 the
588 3757 678 3806 verbal
717 3772 792 3808 noun
815 3759 949 3820 tempori
964 3759 1149 3822 meo,asin§
1165 3761 1202 3811 14.
1218 3762 1263 3829 13;
1281 3764 1339 3835 up.

279 3831 450 3891 declaratio:
473 3831 551 3890 could
574 3832 700 3904 thegen.
723 3834 793 3890 have
815 3833 985 3894 XV1.6.82,
