2870 4376
241 285 305 351 464
587 298 658 348 rao
681 298 710 347 Ρ.
736 299 862 348 suerro
886 298 1033 350 oan'rio.

295 468 360 544 bat,
378 468 627 532 inimicissimus
644 488 715 532 esse
732 489 823 538 meae
839 467 942 531 saluti
957 467 999 532 ab
1022 458 1140 533 eodem
1165 467 1342 534 cotidianis

240 574 281 638 40
292 571 504 637 contionibus
520 570 702 636 dicebatur.
749 570 814 635 His
830 593 866 636 se
882 571 991 636 tribus
1007 571 1202 636 auctoribus
1217 573 1255 635 in
1272 595 1344 637 con-

292 677 376 740 siliis
392 674 574 761 capiendis,
589 674 800 740 adiutoribus
816 676 850 737 in
871 696 905 739 re
931 674 1078 761 gerenda
1102 697 1174 740 esse
1203 677 1343 740 usurum

240 794 270 840 3ο
291 778 439 854 dicebat3
473 801 515 843 ex
541 777 664 863 quibus
689 800 796 842 unum
822 777 943 842 habere
971 779 1157 843 exercitum
1183 779 1220 841 in
1246 778 1343 844 Italia

293 884 485 959 maximum,
499 881 576 958 duo,
593 883 652 966 qui
676 883 798 967 privati
824 889 897 946 tum
924 889 1098 957 occentet
1121 883 1249 948 Romae
1273 905 1343 950 esse

293 995 327 1051 et
349 1008 476 1072 parare,
500 987 528 1050 ai
552 985 691 1062 vellent,
720 987 906 1050 exercitum
934 1007 1031 1070 posse
1059 985 1162 1070 idque
1193 985 1344 1052 facturos

292 1108 364 1151 csse
381 1086 522 1150 dicebat.
568 1086 638 1150 Nec
655 1085 737 1148 mihi
753 1087 810 1151 ille
831 1084 993 1150 iudicium
1009 1086 1127 1170 populi
1148 1108 1210 1151 nec
1235 1086 1346 1174 legiti-

292 1210 379 1252 mam
410 1188 558 1273 aliquam
588 1189 838 1252 contentionem
869 1209 929 1252 nec
948 1272 949 1276 Ἰ
968 1187 1246 1272 disceptationem
1286 1198 1346 1255 aut

240 1306 268 1351 eo
290 1314 407 1357 causae
424 1291 617 1367 dictionem,
630 1291 690 1356 sed
705 1293 784 1367 vim,
802 1313 901 1367 arma,
919 1293 1098 1368 exercituo,
1115 1285 1346 1376 imperatores

292 1403 400 1461 castra
422 1395 653 1460 denuntiabat.
699 1413 806 1460 xvffl.
829 1395 922 1474 Quid
945 1395 1051 1482 ergo?
1074 1396 1200 1460 inimici
1226 1399 1347 1475 oratio,

292 1522 379 1564 vana
394 1501 599 1585 praesertim,
617 1507 685 1563 tam
709 1499 856 1585 improbe
874 1501 909 1563 in
933 1500 1134 1564 clarissimos
1153 1501 1243 1566 viros
1271 1524 1351 1567 con·

292 1605 379 1669 iacta
394 1626 445 1668 me
463 1604 592 1668 movit?
639 1603 695 1668 Me
713 1625 792 1668 vero
810 1625 877 1667 non
900 1604 993 1672 illius
1018 1604 1134 1681 oratio,
1150 1603 1210 1668 sed
1228 1627 1352 1672 eorum

292 1709 515 1783 taciturnitas
532 1709 567 1770 in
584 1730 669 1793 quos
685 1709 743 1771 illa
760 1709 865 1771 oratio
883 1716 951 1772 tam
978 1707 1128 1792 improba
1153 1708 1355 1777 confereba-

254 1830 268 1875 5
290 1821 362 1888 tur;
387 1813 536 1898 quitum
553 1834 757 1897 quamquem
774 1812 907 1876 obalias
921 1833 1037 1876 causas
1051 1812 1218 1888 tacebant,
1231 1821 1354 1881 tamen

292 1916 481 1981 homiuibus
505 1918 615 1980 omnia
638 1915 846 1981 timentibus
862 1915 1016 1980 tacendo.
1029 1916 1133 2001 loqui,
1150 1938 1220 1980 non
1247 1919 1356 1985 infiti-

291 2020 378 2086 ando
393 2021 544 2086 confiteri
557 2020 768 2086 videbantur.
807 2020 864 2084 Illi
880 2028 991 2085 autem
1008 2021 1123 2105 aliquo
1136 2028 1209 2084 tum
1224 2022 1354 2090 timore

291 2127 469 2210 perterriti,
484 2125 575 2210 quod
590 2133 665 2190 acta
681 2125 740 2189 illa
755 2133 857 2210 atque
874 2127 982 2190 omnis
997 2147 1049 2190 res
1065 2126 1144 2189 anni
1160 2129 1355 2211 superioris

321 2370 386 2431 540.
406 2367 507 2418 28-34.
535 2367 594 2417 His
614 2368 745 2419 tribuae
762 2382 798 2418 sc.
822 2373 982 2431 perpetuae,
997 2369 1085 2419 which
1103 2368 1156 2417 had
1177 2371 1355 2432 superseded

289 2448 331 2495 uti
340 2446 411 2494 from
421 2459 477 2495 eece
490 2460 594 2494 usurae
605 2460 614 2495 :
627 2446 661 2495 ct.
675 2445 740 2495 Sull.
751 2445 800 2493 22.
825 2447 872 2496 the
891 2447 1025 2497 iudicium
1039 2446 1147 2507 popnlt.
1183 2445 1357 2511 discepta-

289 2522 427 2584 2531.16.
461 2521 590 2570 habere:
609 2521 798 2573 tortheintln.
824 2523 950 2580 tionem,
970 2521 1147 2586 ‘argument’
1161 2535 1191 2572 as
1206 2527 1237 2573 to
1253 2527 1356 2586 points

289 2600 369 2650 mood
381 2600 452 2649 after
463 2613 480 2648 a
492 2599 604 2649 relative
624 2600 652 2648 in
666 2599 698 2648 Ο.
710 2599 742 2648 0.
757 2611 801 2648 see
825 2599 854 2647 ot
871 2599 922 2648 law
934 2599 1069 2649 involved.

289 2676 323 2725 A.
337 2675 461 2738 336c(p.
475 2676 599 2736 amun.
611 2673 750 2738 5241(1);
767 2673 799 2726 B.

293 2753 342 2803 314
359 2753 383 2802 4.
430 2753 462 2800 in
490 2752 589 2801 Italia.
635 2753 734 2802 Caesar
762 2766 801 2801 re·
857 2752 918 2800 1-2.
930 2751 1013 2811 Quid
1021 2764 1108 2814 ergo:
1121 2765 1209 2802 aeeon
1218 2751 1296 2802 Sull.
1306 2755 1357 2804 84.

289 2829 396 2878 malned
415 2830 443 2877 in
462 2829 533 2891 Italy
546 2830 615 2877 until
634 2829 728 2878 Cicero
746 2830 800 2878 and
825 2830 864 2878 21.
898 2832 964 2877 tam
975 2828 1358 2889 improbe...0on1eota.

289 2905 357 2955 Cato
379 2906 432 2954 had
456 2906 523 2954 been
548 2905 673 2967 disposed
691 2905 733 2955 ot:
756 2919 799 2955 see
826 2906 871 2954 ‘so
898 2904 1093 2967 unblushiugly
1117 2903 1276 2954 ascribed:’
1310 2908 1359 2957 for

288 2982 365 3043 p.,42
375 2981 453 3042 6675.
462 2981 502 3032 76
523 2981 609 3029 Fmd
602 2995 630 3029 m
643 2979 701 3043 [the
711 2980 799 3030 Intro
824 2983 948 3032 contecta
970 2980 1058 3043 might
1085 2982 1154 3030 have
1181 2980 1257 3030 been
1284 2984 1359 3033 used

287 3057 399 3106 duotlon
411 3054 451 3119 to]
471 3071 539 3118 your
557 3057 656 3106 Caesar
668 3058 715 3106 the
733 3057 798 3107 time
824 3058 953 3109 conlata:
970 3058 1005 3107 et.
1020 3057 1037 3107 l.
1051 3057 1075 3117 4,
1088 3057 1142 3106 and
1155 3057 1206 3118 Ep
1218 3057 1314 3109 XVI.
1329 3060 1358 3109 8

287 3133 317 3183 of
333 3133 510 3184 hisarrival'
504 3148 531 3181 m
550 3132 649 3182 Gaul
643 3147 671 3181 m
691 3133 730 3182 58.
766 3137 798 3182 et
825 3135 877 3186 107.

309 3213 390 3259 ..et
411 3214 526 3258 connect
549 3223 605 3258 ease
629 3210 683 3258 and
707 3223 795 3270 peace.
854 3209 916 3259 6-8.
928 3211 1065 3261 tacendo
1076 3209 1177 3271 loqui
1200 3210 1251 3259 for
1263 3212 1360 3276 figure

286 3245 395 3347 idque:
418 3285 527 3347 explain
550 3286 597 3334 the
616 3299 664 3334 use
686 3286 745 3335 ol·
734 3300 798 3347 -qae
823 3285 1242 3350 ef.Suu.82.ao;111.10.19;
1265 3289 1289 3337 1.
1306 3290 1360 3339 18

286 3361 350 3412 here
366 3362 438 3410 atter
455 3364 481 3411 et
499 3398 505 3410 .
525 3397 531 3410 .
552 3399 558 3412 .
578 3365 611 3411 et.
647 3361 798 3412 iudicium
823 3363 862 3412 29.
896 3366 969 3412 acta
984 3363 1045 3421 illa,
1059 3370 1125 3413 etc..
1142 3362 1190 3411 the
1208 3363 1362 3427 irregular

286 3437 796 3500 popull,‘atrialbetorethepeople,’
822 3440 996 3503 proceedlngs
1018 3441 1048 3489 ot
1081 3438 1204 3489 Caesar’s
1236 3443 1362 3492 consul-

286 3514 333 3563 the
345 3515 454 3563 ancient
466 3514 561 3575 appeal
574 3520 602 3563 to
620 3514 667 3563 the
688 3517 797 3564 comitia
822 3515 884 3576 ship
894 3514 959 3577 (59),
967 3515 1098 3564 whenhie
1110 3514 1257 3575 colleague
1266 3517 1363 3566 Bibu-

287 3591 444 3640 ecntart'ato
457 3590 545 3639 which
557 3603 611 3639 was
631 3604 693 3639 now
713 3591 797 3653 rarcly
822 3590 872 3651 lus,
892 3591 965 3640 alter
980 3589 1168 3641 unsuccesstul
1192 3590 1303 3642 efforts
1329 3598 1362 3642 at

286 3666 407 3716 resorted
416 3671 457 3715 to:
471 3680 515 3715 see
524 3681 549 3728 p.
560 3667 600 3727 59,
610 3667 623 3727 §
632 3667 672 3715 31.
699 3665 797 3727 legiti-
821 3668 985 3728 opposition,
998 3668 1064 3716 shut
1075 3665 1186 3716 himself
1204 3680 1249 3729 up
1262 3669 1297 3717 in
1312 3670 1363 3718 his

286 3755 369 3790 mam
380 3743 622 3799 contentionem,
636 3742 667 3792 ‘a
679 3743 797 3805 struggle
821 3743 907 3793 house
928 3744 983 3792 and
1002 3743 1113 3794 washed
1133 3743 1179 3794 his
1197 3743 1306 3794 hands
1331 3745 1364 3796 ot

287 3819 317 3868 iu
328 3819 375 3869 the
382 3819 491 3880 courts,’
501 3820 557 3880 i.e.,
568 3819 614 3868 the
622 3821 796 3881 quaestiones
820 3819 856 3870 all
878 3819 1086 3886 responsiblluy.
