2936 4376
246 291 309 357 336
593 305 665 357 rao
684 307 714 356 r.
739 306 861 358 sunna
883 305 1031 357 carrio.

247 493 276 539 10
297 478 429 543 iuravit.
483 477 589 543 Cuius
619 500 715 544 aures
747 500 908 563 umquam
938 479 1018 544 haec
1050 479 1262 563 respuerunt,
1293 500 1346 543 co·

298 590 415 647 uatum
443 605 515 648 6666
543 581 701 648 audacter
731 584 900 649 hominem
923 605 942 647 a
965 583 1111 668 pueritia
1134 603 1202 646 non
1233 583 1344 648 solum

296 687 552 772 intemperantia
582 695 616 752 et
646 688 780 765 scelere,
811 686 870 754 sed
901 689 1002 752 ctiam
1032 686 1278 753 consuetudine
1308 696 1345 753 et

296 791 408 856 studio
430 793 466 855 in
488 793 577 856 omni
593 790 731 879 flagitio,
747 797 875 878 stopie,
892 793 991 858 caede
1015 793 1210 858 versatum?
1255 792 1342 873 Quis

297 903 510 960 cumcontra
533 897 674 980 patriam
696 905 903 984 pugnantem
927 898 1050 982 perisse
1074 899 1223 974 miratur,
1241 919 1342 983 quem

246 1016 274 1060 15
296 1021 425 1084 semper
440 1021 553 1064 omnes
569 999 613 1064 ad
629 1001 727 1066 civile
744 1002 958 1066 latrocinium
974 1010 1091 1065 natum
1112 1003 1342 1086 putaverunt?

297 1105 382 1183 Quis
406 1104 543 1170 Lentuli
566 1105 743 1170 societates
768 1127 845 1170 cum
875 1105 1052 1182 iudicibus,
1077 1107 1153 1191 quis
1177 1107 1341 1170 insaniam

295 1208 482 1285 libidinum,
514 1210 591 1294 quis
623 1231 813 1294 perversam
843 1218 945 1295 atque
976 1195 1113 1296 impiam
1144 1210 1341 1297 religionem

295 1313 497 1390 recordatur,
522 1315 581 1398 qui
604 1315 702 1378 illum
724 1321 784 1378 aut
815 1313 940 1379 nefarie
964 1317 1129 1402 cogitasse
1153 1323 1213 1379 aut
1235 1315 1340 1380 stulte

293 1439 441 1503 sperasse
471 1418 636 1482 miretur?
682 1418 767 1498 Quis
790 1417 832 1483 de
856 1417 894 1482 C.
912 1417 1064 1505 Cethego
1084 1428 1186 1503 atquc
1209 1419 1281 1484 eius
1304 1421 1340 1483 in

242 1513 492 1607 ao'Hispaniam
516 1521 722 1607 profectione
746 1545 783 1586 ac
814 1521 855 1587 de
886 1523 1025 1587 vulnere
1057 1521 1098 1601 Q.
1124 1521 1255 1587 Metelli
1286 1522 1339 1586 Pii

293 1628 428 1714 cogitat,
460 1628 516 1692 eui
546 1649 613 1692 non
644 1627 686 1691 ad
709 1629 802 1692 illius
834 1648 975 1712 poenam
1002 1648 1114 1691 carcer
1144 1626 1340 1692 aedificatus

243 1738 365 1799 716666
406 1731 585 1798 videatur?
642 1731 772 1797 Omitto
808 1740 945 1808 ceteros
983 1753 1024 1796 ne
1065 1732 1111 1796 sit
1149 1731 1338 1807 infinitum;

293 1845 467 1903 tantuma
490 1836 583 1902 vobis
608 1845 697 1922 peto,
721 1845 761 1901 ut
783 1838 878 1902 taciti
902 1836 942 1901 de
967 1835 1132 1912 omuibus
1157 1856 1241 1920 quos
1264 1857 1341 1899 con-

292 1944 417 2008 iurasse
454 1943 627 2028 cognitum
666 1950 726 2018 est,
766 1943 942 2028 cogitetis3
988 1941 1194 2026 intellegetis
1233 1962 1340 2004 unum

240 2063 269 2108 25
291 2069 458 2133 quemque
482 2068 597 2112 eorum
628 2048 720 2131 prius
752 2047 794 2112 ab
823 2069 884 2112 sua
908 2048 979 2111 vita
1002 2067 1103 2131 quam
1136 2053 1247 2110 vestra
1268 2067 1340 2110 sus-

292 2153 421 2237 picione
460 2174 531 2218 esse
573 2152 778 2216 damnatum.
836 2152 951 2236 Ipsum
988 2151 1085 2214 illum
1104 2149 1338 2226 Autronium,

291 2258 450 2342 quoniam
474 2259 545 2322 eius
571 2279 692 2322 nomen
715 2253 895 2322 finitimum
911 2256 1054 2320 maxime
1070 2260 1123 2319 est
1138 2253 1239 2318 huius
1256 2254 1341 2337 peri·

291 2362 367 2426 culo
399 2370 435 2426 et
472 2361 613 2437 crimini,
646 2383 713 2425 uon
743 2383 804 2426 sua
835 2362 906 2426 vita
935 2381 973 2425 66
1012 2366 1132 2423 natura
1168 2358 1339 2422 convicit?

290 2465 428 2550 Semper
450 2464 571 2540 audax,
596 2465 763 2549 petulans
788 2465 1007 2540 libidinosus;
1031 2484 1133 2548 quem
1154 2463 1188 2525 in
1208 2469 1340 2546 stupro·

238 2585 268 2631 30
289 2592 364 2634 rum
387 2568 638 2634 defensionibus
663 2591 730 2632 non
753 2570 861 2633 solum
887 2569 996 2634 verbis
1016 2569 1067 2632 uti
1083 2565 1337 2652 improbissimis

319 2769 435 2826 10.11.
467 2772 614 2818 conatum
634 2781 711 2825 6666,
734 2773 796 2828 etc,
823 2769 956 2818 Sertorius
990 2769 1018 2817 ln
1052 2768 1144 2830 Spain,
1166 2765 1258 2817 79-71:
1292 2779 1338 2815 666

290 2845 367 2896 ‘that
389 2862 405 2896 a
427 2849 566 2911 desperate
600 2852 715 2910 attempt
743 2861 797 2897 was
822 2845 913 2906 Allen,
925 2860 950 2908 p.
964 2845 1020 2906 1933
1033 2844 1191 2907 Creightou‚
1202 2858 1228 2905 p.
1239 2842 1280 2902 69,
1291 2842 1337 2903 703

287 2924 365 2973 triade
393 2925 427 2986 by
449 2939 465 2973 a
488 2939 550 2974 man
574 2926 635 2974 who
662 2925 731 2974 from
755 2925 797 2974 his
823 2923 920 2985 Myers,
950 2936 975 2984 p.
1002 2921 1047 2982 93;
1074 2920 1196 2981 Peuuell,
1226 2934 1251 2982 p.
1278 2919 1332 2968 116.

287 3001 372 3061 youth
395 3001 448 3050 had
472 3003 599 3064 engaged,
625 3015 660 3051 ou
683 3007 797 3052 account
822 2999 945 3062 Nothing
957 3000 978 3048 is
990 2999 1091 3047 known
1102 2998 1132 3047 66
1149 2997 1203 3046 this
1219 2997 1335 3058 joumey

286 3077 315 3125 66
343 3076 428 3127 moral
457 3078 605 3141 instability
628 3079 680 3128 and
709 3079 796 3128 criml-
820 3077 874 3126 and
902 3074 1104 3136 attempted
1127 3073 1332 3122 assassination.

286 3153 379 3216 uality‚
399 3168 428 3204 as
445 3154 505 3204 well
530 3169 560 3204 66
580 3155 651 3204 from
673 3155 745 3204 force
768 3156 797 3204 66
820 3165 940 3203 carcer:
958 3167 1001 3202 see
1018 3166 1054 3201 on
1074 3149 1227 3200 11.22.18.
1262 3161 1334 3198 6666

285 3229 362 3280 habit
380 3232 431 3280 and
453 3231 597 3284 deliberate
620 3245 743 3294 purpose,
768 3233 795 3280 iu
820 3231 979 3280 videatur:
996 3243 1040 3280 666
1051 3243 1087 3279 ou
1099 3229 1113 3289 ξ
1125 3228 1147 3278 3.
1162 3228 1202 3276 41.

285 3306 321 3356 all
339 3314 407 3358 sorta
425 3309 454 3358 66
471 3308 638 3370 scandalous,
652 3309 728 3370 lead,
741 3309 794 3357 ami
851 3302 1333 3368 §71.24·³0.intellegetis:notice

285 3385 442 3436 murderous
453 3386 529 3436 acta’
819 3384 880 3433 that
887 3385 933 3434 the
942 3388 1049 3446 nequest
1057 3384 1120 3443 peto
1131 3383 1161 3429 66
1179 3416 1185 3428 .
1205 3415 1211 3428 .
1232 3414 1239 3427 .
1259 3380 1333 3438 6666-

316 3461 605 3512 16-22»16<16611666;
620 3477 710 3513 seeon
724 3463 792 3511 Mur.
819 3463 883 3509 66666
897 3483 922 3508 :
936 3475 952 3508 a
974 3458 1040 3508 mild
1062 3456 1221 3521 imperative
1247 3453 1333 3514 66696-

284 3537 380 3587 49.11.
415 3538 794 3594 166661666161616116666,
820 3535 1108 3597 66666666666625,
1134 3529 1331 3580 absuavlta:

285 3612 363 3664 ‘mad
373 3615 491 3677 caprices
504 3615 524 3663 :’
539 3616 582 3665 for
590 3617 636 3664 the
645 3621 699 3664 two
707 3629 795 3664 nouus
819 3614 863 3662 ior
884 3613 930 3662 the
957 3626 1031 3675 prep.
1058 3623 1101 3660 see
1129 3623 1164 3658 on
1189 3608 1211 3657 Ι.
1236 3606 1282 3654 25.
1305 3607 1330 3656 8.

283 3691 318 3740 66.
337 3690 364 3753 §t
381 3693 420 3740 21.
437 3693 478 3752 153
497 3692 630 3752 14.11;4.
651 3692 680 3741 13
698 3691 751 3739 aml
770 3690 792 3742 1.
819 3687 1061 3743 defensionibus,
1080 3685 1224 3748 ‘speeches
1245 3682 1331 3733 deliv-

282 3767 468 3829 rellgionem
503 3768 712 3830 ‘superstition’
759 3766 794 3826 Q.
819 3765 920 3814 credin
935 3762 1239 3813 deienccofliccntious
1251 3760 1329 3809 acts!

281 3842 407 3893 Metelli
428 3844 476 3892 Pii
494 3845 670 3894 commanded
689 3846 794 3908 against
821 3844 851 3891 ln
861 3841 955 3891 Cicero
964 3841 1010 3889 tho
1020 3839 1092 3887 word
1101 3837 1222 3898 defensio
1231 3835 1333 3898 always
