<?xml version="1.0" encoding="UTF-8"?>
<!DOCTYPE html PUBLIC "-//W3C//DTD XHTML 1.0 Transitional//EN"
    "http://www.w3.org/TR/xhtml1/DTD/xhtml1-transitional.dtd">
<html xmlns="http://www.w3.org/1999/xhtml" xml:lang="en" lang="en">
 <head>
  <title>
</title>
<meta http-equiv="Content-Type" content="text/html;charset=utf-8" />
  <meta name='ocr-system' content='tesseract 3.04.00' />
  <meta name='ocr-capabilities' content='ocr_page ocr_carea ocr_par ocr_line ocrx_word'/>
</head>
<body>
  <div class='ocr_page' id='page_1' title='image "./mtulliciceronis05cicegoog/mtulliciceronis05cicegoog_0357.png"; bbox 0 0 2936 4376; ppageno 0'>
   <div class='ocr_carea' id='block_1_1' title="bbox 238 295 1028 374">
    <p class='ocr_par' dir='ltr' id='par_1_1' title="bbox 238 295 1028 374">
     <span class='ocr_line' id='line_1_1' title="bbox 238 295 1028 374; baseline -0.001 -15"><span class='ocrx_word' id='word_1_1' title='bbox 238 295 301 361; x_wconf 83' lang='lat'>338</span> <span class='ocrx_word' id='word_1_2' title='bbox 587 308 710 374; x_wconf 82' lang='lat' dir='ltr'>rnor.</span> <span class='ocrx_word' id='word_1_3' title='bbox 735 307 857 360; x_wconf 77' lang='lat' dir='ltr'>sunna</span> <span class='ocrx_word' id='word_1_4' title='bbox 880 307 1028 358; x_wconf 79' lang='lat' dir='ltr'>enarro.</span> 
     </span>
    </p>
   </div>
   <div class='ocr_carea' id='block_1_2' title="bbox 227 477 1339 2438">
    <p class='ocr_par' dir='ltr' id='par_1_2' title="bbox 227 477 1339 2438">
     <span class='ocr_line' id='line_1_2' title="bbox 292 477 1336 566; baseline -0.003 -21"><span class='ocrx_word' id='word_1_5' title='bbox 292 481 329 545; x_wconf 89' lang='lat' dir='ltr'>L.</span> <span class='ocrx_word' id='word_1_6' title='bbox 346 480 459 546; x_wconf 81' lang='lat' dir='ltr'>Sullae</span> <span class='ocrx_word' id='word_1_7' title='bbox 484 480 746 566; x_wconf 78' lang='lat' dir='ltr'>turbulentaque</span> <span class='ocrx_word' id='word_1_8' title='bbox 771 481 910 546; x_wconf 90' lang='lat' dir='ltr'>victoria</span> <span class='ocrx_word' id='word_1_9' title='bbox 934 480 1010 565; x_wconf 91' lang='lat' dir='ltr'>quis</span> <span class='ocrx_word' id='word_1_10' title='bbox 1038 479 1076 542; x_wconf 91' lang='lat' dir='ltr'>P.</span> <span class='ocrx_word' id='word_1_11' title='bbox 1093 477 1197 543; x_wconf 90' lang='lat' dir='ltr'>Sulla</span> <span class='ocrx_word' id='word_1_12' title='bbox 1215 479 1336 556; x_wconf 89' lang='lat' dir='ltr'>mitior,</span> 
     </span>
     <span class='ocr_line' id='line_1_3' title="bbox 291 566 1337 671; baseline -0.002 -21"><span class='ocrx_word' id='word_1_13' title='bbox 291 586 366 671; x_wconf 91' lang='lat' dir='ltr'>quis</span> <span class='ocrx_word' id='word_1_14' title='bbox 384 585 627 650; x_wconf 80' lang='lat' dir='ltr'>misericordior</span> <span class='ocrx_word' id='word_1_15' title='bbox 642 586 801 649; x_wconf 87' lang='lat' dir='ltr'>inventus</span> <span class='ocrx_word' id='word_1_16' title='bbox 823 585 898 649; x_wconf 90' lang='lat' dir='ltr'>est?</span> <span class='ocrx_word' id='word_1_17' title='bbox 944 583 1054 663; x_wconf 80' lang='lat' dir='ltr'>Quam</span> <span class='ocrx_word' id='word_1_18' title='bbox 1079 566 1263 648; x_wconf 88' lang='lat' dir='ltr'>multorum</span> <span class='ocrx_word' id='word_1_19' title='bbox 1283 583 1337 648; x_wconf 92' lang='lat' dir='ltr'>hic</span> 
     </span>
     <span class='ocr_line' id='line_1_4' title="bbox 240 687 1339 772; baseline 0 -22"><span class='ocrx_word' id='word_1_20' title='bbox 240 707 267 751; x_wconf 84' lang='grc' dir='ltr'>ιο</span> <span class='ocrx_word' id='word_1_21' title='bbox 289 691 394 755; x_wconf 86' lang='lat' dir='ltr'>vitam</span> <span class='ocrx_word' id='word_1_22' title='bbox 419 697 472 754; x_wconf 90' lang='lat' dir='ltr'>est</span> <span class='ocrx_word' id='word_1_23' title='bbox 497 711 516 753; x_wconf 93' lang='lat' dir='ltr'>a</span> <span class='ocrx_word' id='word_1_24' title='bbox 545 689 582 752; x_wconf 89' lang='lat' dir='ltr'>L.</span> <span class='ocrx_word' id='word_1_25' title='bbox 615 688 710 752; x_wconf 85' lang='lat' dir='ltr'>Sulla</span> <span class='ocrx_word' id='word_1_26' title='bbox 741 687 958 772; x_wconf 79' lang='lat' dir='ltr'>deprecatus!</span> <span class='ocrx_word' id='word_1_27' title='bbox 999 709 1100 772; x_wconf 91' lang='lat' dir='ltr'>quam</span> <span class='ocrx_word' id='word_1_28' title='bbox 1131 687 1230 752; x_wconf 91' lang='lat' dir='ltr'>multi</span> <span class='ocrx_word' id='word_1_29' title='bbox 1257 696 1339 751; x_wconf 91' lang='lat' dir='ltr'>sunt</span> 
     </span>
     <span class='ocr_line' id='line_1_5' title="bbox 289 791 1336 874; baseline -0.006 -16"><span class='ocrx_word' id='word_1_30' title='bbox 289 795 412 858; x_wconf 88' lang='lat' dir='ltr'>summi</span> <span class='ocrx_word' id='word_1_31' title='bbox 443 792 591 857; x_wconf 89' lang='lat' dir='ltr'>homines</span> <span class='ocrx_word' id='word_1_32' title='bbox 619 800 655 857; x_wconf 90' lang='lat' dir='ltr'>et</span> <span class='ocrx_word' id='word_1_33' title='bbox 680 792 883 857; x_wconf 89' lang='lat' dir='ltr'>ornatissimi</span> <span class='ocrx_word' id='word_1_34' title='bbox 911 799 946 856; x_wconf 90' lang='lat' dir='ltr'>et</span> <span class='ocrx_word' id='word_1_35' title='bbox 972 792 1078 856; x_wconf 89' lang='lat' dir='ltr'>nostri</span> <span class='ocrx_word' id='word_1_36' title='bbox 1108 798 1143 855; x_wconf 90' lang='lat' dir='ltr'>et</span> <span class='ocrx_word' id='word_1_37' title='bbox 1172 791 1336 874; x_wconf 88' lang='lat' dir='ltr'>equestris</span> 
     </span>
     <span class='ocr_line' id='line_1_6' title="bbox 227 887 1336 983; baseline -0.005 -21"><span class='ocrx_word' id='word_1_38' title='bbox 227 887 229 890; x_wconf 33' lang='lat'>⁵</span> <span class='ocrx_word' id='word_1_39' title='bbox 290 897 425 974; x_wconf 87' lang='lat' dir='ltr'>ordinis,</span> <span class='ocrx_word' id='word_1_40' title='bbox 458 918 603 983; x_wconf 91' lang='lat' dir='ltr'>quorum</span> <span class='ocrx_word' id='word_1_41' title='bbox 633 919 692 981; x_wconf 94' lang='lat' dir='ltr'>pro</span> <span class='ocrx_word' id='word_1_42' title='bbox 723 897 832 960; x_wconf 88' lang='lat' dir='ltr'>salute</span> <span class='ocrx_word' id='word_1_43' title='bbox 863 917 897 960; x_wconf 92' lang='lat' dir='ltr'>se</span> <span class='ocrx_word' id='word_1_44' title='bbox 929 896 982 960; x_wconf 91' lang='lat' dir='ltr'>hic</span> <span class='ocrx_word' id='word_1_45' title='bbox 1014 894 1127 959; x_wconf 84' lang='lat' dir='ltr'>Sullae</span> <span class='ocrx_word' id='word_1_46' title='bbox 1156 894 1336 980; x_wconf 79' lang='lat' dir='ltr'>obligavit!</span> 
     </span>
     <span class='ocr_line' id='line_1_7' title="bbox 291 986 1336 1088; baseline -0.005 -22"><span class='ocrx_word' id='word_1_47' title='bbox 291 1000 385 1080; x_wconf 80' lang='lat' dir='ltr'>Quos</span> <span class='ocrx_word' id='word_1_48' title='bbox 401 1023 463 1088; x_wconf 86' lang='lat' dir='ltr'>ego</span> <span class='ocrx_word' id='word_1_49' title='bbox 481 1002 687 1066; x_wconf 86' lang='lat' dir='ltr'>nominarem</span> <span class='ocrx_word' id='word_1_50' title='bbox 704 986 833 1084; x_wconf 89' lang='lat' dir='ltr'>(ricque</span> <span class='ocrx_word' id='word_1_51' title='bbox 857 1000 947 1064; x_wconf 91' lang='lat' dir='ltr'>enim</span> <span class='ocrx_word' id='word_1_52' title='bbox 970 1000 1034 1083; x_wconf 86' lang='lat' dir='ltr'>ipsi</span> <span class='ocrx_word' id='word_1_53' title='bbox 1059 999 1180 1062; x_wconf 89' lang='lat' dir='ltr'>nolunt</span> <span class='ocrx_word' id='word_1_54' title='bbox 1202 1007 1237 1062; x_wconf 93' lang='lat' dir='ltr'>et</span> <span class='ocrx_word' id='word_1_55' title='bbox 1259 999 1336 1062; x_wconf 92' lang='lat' dir='ltr'>huic</span> 
     </span>
     <span class='ocr_line' id='line_1_8' title="bbox 290 1102 1338 1191; baseline -0.002 -23"><span class='ocrx_word' id='word_1_56' title='bbox 290 1106 400 1170; x_wconf 89' lang='lat' dir='ltr'>animo</span> <span class='ocrx_word' id='word_1_57' title='bbox 416 1105 606 1191; x_wconf 88' lang='lat' dir='ltr'>gratissimo</span> <span class='ocrx_word' id='word_1_58' title='bbox 630 1103 795 1188; x_wconf 89' lang='lat' dir='ltr'>adsunt);</span> <span class='ocrx_word' id='word_1_59' title='bbox 825 1102 894 1179; x_wconf 88' lang='lat' dir='ltr'>sed,</span> <span class='ocrx_word' id='word_1_60' title='bbox 912 1104 992 1186; x_wconf 91' lang='lat' dir='ltr'>quia</span> <span class='ocrx_word' id='word_1_61' title='bbox 1015 1103 1122 1166; x_wconf 90' lang='lat' dir='ltr'>maius</span> <span class='ocrx_word' id='word_1_62' title='bbox 1145 1109 1197 1167; x_wconf 90' lang='lat' dir='ltr'>est</span> <span class='ocrx_word' id='word_1_63' title='bbox 1219 1102 1338 1167; x_wconf 91' lang='lat' dir='ltr'>benefi-</span> 
     </span>
     <span class='ocr_line' id='line_1_9' title="bbox 238 1203 1337 1293; baseline 0 -22"><span class='ocrx_word' id='word_1_64' title='bbox 238 1225 266 1270; x_wconf 75' lang='lat'>15</span> <span class='ocrx_word' id='word_1_65' title='bbox 288 1209 387 1284; x_wconf 86' lang='lat' dir='ltr'>cium,</span> <span class='ocrx_word' id='word_1_66' title='bbox 408 1229 509 1293; x_wconf 91' lang='lat' dir='ltr'>qnam</span> <span class='ocrx_word' id='word_1_67' title='bbox 535 1229 631 1292; x_wconf 87' lang='lat' dir='ltr'>posse</span> <span class='ocrx_word' id='word_1_68' title='bbox 660 1206 760 1273; x_wconf 90' lang='lat' dir='ltr'>debet</span> <span class='ocrx_word' id='word_1_69' title='bbox 780 1203 870 1273; x_wconf 50' lang='lat' dir='ltr'>&#39;civis</span> <span class='ocrx_word' id='word_1_70' title='bbox 898 1207 969 1273; x_wconf 85' lang='lat' dir='ltr'>civi</span> <span class='ocrx_word' id='word_1_71' title='bbox 991 1206 1079 1282; x_wconf 88' lang='lat' dir='ltr'>dare,</span> <span class='ocrx_word' id='word_1_72' title='bbox 1097 1205 1171 1271; x_wconf 90' lang='lat' dir='ltr'>ideo</span> <span class='ocrx_word' id='word_1_73' title='bbox 1198 1227 1218 1270; x_wconf 92' lang='lat' dir='ltr'>a</span> <span class='ocrx_word' id='word_1_74' title='bbox 1243 1206 1337 1272; x_wconf 88' lang='lat' dir='ltr'>vobis</span> 
     </span>
     <span class='ocr_line' id='line_1_10' title="bbox 289 1309 1334 1397; baseline -0.004 -20"><span class='ocrx_word' id='word_1_75' title='bbox 289 1320 376 1397; x_wconf 89' lang='lat' dir='ltr'>peto,</span> <span class='ocrx_word' id='word_1_76' title='bbox 390 1319 439 1388; x_wconf 87' lang='lat' dir='ltr'>ut,</span> <span class='ocrx_word' id='word_1_77' title='bbox 452 1311 545 1396; x_wconf 90' lang='lat' dir='ltr'>quod</span> <span class='ocrx_word' id='word_1_78' title='bbox 560 1313 681 1396; x_wconf 91' lang='lat' dir='ltr'>potuit,</span> <span class='ocrx_word' id='word_1_79' title='bbox 694 1313 836 1396; x_wconf 89' lang='lat' dir='ltr'>tempori</span> <span class='ocrx_word' id='word_1_80' title='bbox 853 1311 1020 1387; x_wconf 88' lang='lat' dir='ltr'>tribuatis,</span> <span class='ocrx_word' id='word_1_81' title='bbox 1038 1309 1130 1395; x_wconf 92' lang='lat' dir='ltr'>quod</span> <span class='ocrx_word' id='word_1_82' title='bbox 1153 1309 1244 1385; x_wconf 84' lang='lat' dir='ltr'>fecit,</span> <span class='ocrx_word' id='word_1_83' title='bbox 1263 1312 1334 1394; x_wconf 91' lang='lat' dir='ltr'>ipsi.</span> 
     </span>
     <span class='ocr_line' id='line_1_11' title="bbox 238 1413 1337 1501; baseline -0.005 -18"><span class='ocrx_word' id='word_1_84' title='bbox 238 1420 276 1483; x_wconf 82' lang='grc'>73</span> <span class='ocrx_word' id='word_1_85' title='bbox 289 1416 382 1496; x_wconf 82' lang='lat' dir='ltr'>Quid</span> <span class='ocrx_word' id='word_1_86' title='bbox 405 1417 567 1501; x_wconf 89' lang='lat' dir='ltr'>reliquam</span> <span class='ocrx_word' id='word_1_87' title='bbox 591 1417 814 1480; x_wconf 86' lang='lat' dir='ltr'>constantiam</span> <span class='ocrx_word' id='word_1_88' title='bbox 837 1417 926 1480; x_wconf 90' lang='lat' dir='ltr'>vitae</span> <span class='ocrx_word' id='word_1_89' title='bbox 950 1436 1213 1491; x_wconf 83' lang='lat' dir='ltr'>commemorem,</span> <span class='ocrx_word' id='word_1_90' title='bbox 1231 1413 1337 1500; x_wconf 84' lang='lat' dir='ltr'>digni-</span> 
     </span>
     <span class='ocr_line' id='line_1_12' title="bbox 289 1507 1335 1603; baseline 0 -19"><span class='ocrx_word' id='word_1_91' title='bbox 289 1527 402 1596; x_wconf 87' lang='lat' dir='ltr'>tatern,</span> <span class='ocrx_word' id='word_1_92' title='bbox 427 1507 670 1596; x_wconf 72' lang='lat' dir='ltr'>liberalitatem,</span> <span class='ocrx_word' id='word_1_93' title='bbox 699 1519 961 1584; x_wconf 87' lang='lat' dir='ltr'>moderationem</span> <span class='ocrx_word' id='word_1_94' title='bbox 993 1521 1026 1582; x_wconf 91' lang='lat' dir='ltr'>in</span> <span class='ocrx_word' id='word_1_95' title='bbox 1052 1511 1200 1603; x_wconf 73' lang='lat' dir='ltr'>¹privatis</span> <span class='ocrx_word' id='word_1_96' title='bbox 1228 1518 1335 1595; x_wconf 85' lang='lat' dir='ltr'>rebus,</span> 
     </span>
     <span class='ocr_line' id='line_1_13' title="bbox 288 1621 1337 1710; baseline -0.003 -21"><span class='ocrx_word' id='word_1_97' title='bbox 288 1624 499 1710; x_wconf 88' lang='lat' dir='ltr'>splendorem</span> <span class='ocrx_word' id='word_1_98' title='bbox 529 1625 564 1686; x_wconf 93' lang='lat' dir='ltr'>in</span> <span class='ocrx_word' id='word_1_99' title='bbox 595 1622 765 1708; x_wconf 87' lang='lat' dir='ltr'>publicis?</span> <span class='ocrx_word' id='word_1_100' title='bbox 800 1644 884 1708; x_wconf 89' lang='lat' dir='ltr'>quae</span> <span class='ocrx_word' id='word_1_101' title='bbox 917 1624 965 1686; x_wconf 91' lang='lat' dir='ltr'>ita</span> <span class='ocrx_word' id='word_1_102' title='bbox 996 1621 1181 1687; x_wconf 80' lang='lat' dir='ltr'>deformata</span> <span class='ocrx_word' id='word_1_103' title='bbox 1210 1631 1291 1687; x_wconf 88' lang='lat' dir='ltr'>sunt</span> <span class='ocrx_word' id='word_1_104' title='bbox 1317 1645 1337 1686; x_wconf 95' lang='lat' dir='ltr'>a</span> 
     </span>
     <span class='ocr_line' id='line_1_14' title="bbox 235 1726 1336 1811; baseline 0.002 -21"><span class='ocrx_word' id='word_1_105' title='bbox 235 1744 266 1790; x_wconf 79' lang='lat'>20</span> <span class='ocrx_word' id='word_1_106' title='bbox 286 1729 432 1804; x_wconf 83' lang='lat' dir='ltr'>fortuna,</span> <span class='ocrx_word' id='word_1_107' title='bbox 450 1736 489 1792; x_wconf 93' lang='lat' dir='ltr'>ut</span> <span class='ocrx_word' id='word_1_108' title='bbox 505 1737 617 1792; x_wconf 92' lang='lat' dir='ltr'>tamen</span> <span class='ocrx_word' id='word_1_109' title='bbox 633 1749 652 1791; x_wconf 98' lang='lat' dir='ltr'>a</span> <span class='ocrx_word' id='word_1_110' title='bbox 668 1735 788 1790; x_wconf 86' lang='lat' dir='ltr'>natura</span> <span class='ocrx_word' id='word_1_111' title='bbox 803 1727 958 1792; x_wconf 88' lang='lat' dir='ltr'>inchoata</span> <span class='ocrx_word' id='word_1_112' title='bbox 981 1734 1194 1811; x_wconf 86' lang='lat' dir='ltr'>conpareant.</span> <span class='ocrx_word' id='word_1_113' title='bbox 1241 1726 1336 1806; x_wconf 83' lang='lat' dir='ltr'>Quae</span> 
     </span>
     <span class='ocr_line' id='line_1_15' title="bbox 289 1830 1336 1918; baseline 0 -22"><span class='ocrx_word' id='word_1_114' title='bbox 289 1832 406 1896; x_wconf 91' lang='lat' dir='ltr'>domus</span> <span class='ocrx_word' id='word_1_115' title='bbox 431 1832 611 1897; x_wconf 90' lang='lat' dir='ltr'>celebratio</span> <span class='ocrx_word' id='word_1_116' title='bbox 634 1830 812 1908; x_wconf 87' lang='lat' dir='ltr'>cotidiana,</span> <span class='ocrx_word' id='word_1_117' title='bbox 830 1853 915 1916; x_wconf 90' lang='lat' dir='ltr'>quae</span> <span class='ocrx_word' id='word_1_118' title='bbox 941 1830 1157 1895; x_wconf 88' lang='lat' dir='ltr'>familiarium</span> <span class='ocrx_word' id='word_1_119' title='bbox 1180 1831 1336 1918; x_wconf 87' lang='lat' dir='ltr'>dignitas,</span> 
     </span>
     <span class='ocr_line' id='line_1_16' title="bbox 288 1935 1337 2023; baseline -0.002 -23"><span class='ocrx_word' id='word_1_120' title='bbox 288 1959 372 2023; x_wconf 90' lang='lat' dir='ltr'>quae</span> <span class='ocrx_word' id='word_1_121' title='bbox 396 1936 509 2002; x_wconf 91' lang='lat' dir='ltr'>studia</span> <span class='ocrx_word' id='word_1_122' title='bbox 532 1937 723 2007; x_wconf 85' lang='lat' dir='ltr'>amicorum,</span> <span class='ocrx_word' id='word_1_123' title='bbox 749 1957 835 2020; x_wconf 89' lang='lat' dir='ltr'>quae</span> <span class='ocrx_word' id='word_1_124' title='bbox 860 1958 903 2001; x_wconf 85' lang='lat' dir='ltr'>ex</span> <span class='ocrx_word' id='word_1_125' title='bbox 928 1956 1063 2020; x_wconf 91' lang='lat' dir='ltr'>quoque</span> <span class='ocrx_word' id='word_1_126' title='bbox 1088 1935 1202 2001; x_wconf 92' lang='lat' dir='ltr'>ordine</span> <span class='ocrx_word' id='word_1_127' title='bbox 1225 1936 1337 2000; x_wconf 91' lang='lat' dir='ltr'>multi-</span> 
     </span>
     <span class='ocr_line' id='line_1_17' title="bbox 288 2039 1336 2126; baseline -0.002 -20"><span class='ocrx_word' id='word_1_128' title='bbox 288 2040 390 2107; x_wconf 78' lang='lat' dir='ltr'>tudo!</span> <span class='ocrx_word' id='word_1_129' title='bbox 438 2040 529 2105; x_wconf 87' lang='lat' dir='ltr'>Haec</span> <span class='ocrx_word' id='word_1_130' title='bbox 547 2039 606 2104; x_wconf 91' lang='lat' dir='ltr'>diu</span> <span class='ocrx_word' id='word_1_131' title='bbox 622 2039 835 2124; x_wconf 89' lang='lat' dir='ltr'>multumque</span> <span class='ocrx_word' id='word_1_132' title='bbox 859 2049 893 2104; x_wconf 91' lang='lat' dir='ltr'>et</span> <span class='ocrx_word' id='word_1_133' title='bbox 916 2041 1024 2126; x_wconf 91' lang='lat' dir='ltr'>multo</span> <span class='ocrx_word' id='word_1_134' title='bbox 1048 2039 1160 2104; x_wconf 89' lang='lat' dir='ltr'>labore</span> <span class='ocrx_word' id='word_1_135' title='bbox 1184 2041 1336 2124; x_wconf 91' lang='lat' dir='ltr'>quaesita</span> 
     </span>
     <span class='ocr_line' id='line_1_18' title="bbox 288 2142 1335 2230; baseline -0.001 -19"><span class='ocrx_word' id='word_1_136' title='bbox 288 2167 355 2211; x_wconf 89' lang='lat' dir='ltr'>una</span> <span class='ocrx_word' id='word_1_137' title='bbox 384 2145 510 2230; x_wconf 90' lang='lat' dir='ltr'>eripuit</span> <span class='ocrx_word' id='word_1_138' title='bbox 540 2144 630 2208; x_wconf 89' lang='lat' dir='ltr'>hora.</span> <span class='ocrx_word' id='word_1_139' title='bbox 676 2144 820 2229; x_wconf 90' lang='lat' dir='ltr'>Accepit</span> <span class='ocrx_word' id='word_1_140' title='bbox 845 2144 882 2207; x_wconf 90' lang='lat' dir='ltr'>P.</span> <span class='ocrx_word' id='word_1_141' title='bbox 910 2142 1014 2220; x_wconf 83' lang='lat' dir='ltr'>Sulla,</span> <span class='ocrx_word' id='word_1_142' title='bbox 1044 2143 1182 2220; x_wconf 80' lang='lat' dir='ltr'>indicae,</span> <span class='ocrx_word' id='word_1_143' title='bbox 1211 2145 1335 2210; x_wconf 89' lang='lat' dir='ltr'>vulnus</span> 
     </span>
     <span class='ocr_line' id='line_1_19' title="bbox 234 2247 1336 2333; baseline 0.002 -21"><span class='ocrx_word' id='word_1_144' title='bbox 234 2267 263 2312; x_wconf 81' lang='lat'>25</span> <span class='ocrx_word' id='word_1_145' title='bbox 287 2251 466 2316; x_wconf 90' lang='lat' dir='ltr'>vehemens</span> <span class='ocrx_word' id='word_1_146' title='bbox 482 2258 518 2314; x_wconf 91' lang='lat' dir='ltr'>et</span> <span class='ocrx_word' id='word_1_147' title='bbox 533 2248 753 2326; x_wconf 85' lang='lat' dir='ltr'>mortiferum,</span> <span class='ocrx_word' id='word_1_148' title='bbox 771 2271 888 2314; x_wconf 92' lang='lat' dir='ltr'>verum</span> <span class='ocrx_word' id='word_1_149' title='bbox 905 2257 1016 2313; x_wconf 89' lang='lat' dir='ltr'>tamen</span> <span class='ocrx_word' id='word_1_150' title='bbox 1032 2249 1104 2313; x_wconf 92' lang='lat' dir='ltr'>eius</span> <span class='ocrx_word' id='word_1_151' title='bbox 1128 2247 1227 2324; x_wconf 88' lang='lat' dir='ltr'>modi,</span> <span class='ocrx_word' id='word_1_152' title='bbox 1244 2249 1336 2333; x_wconf 95' lang='lat' dir='ltr'>quod</span> 
     </span>
     <span class='ocr_line' id='line_1_20' title="bbox 287 2352 1337 2438; baseline -0.002 -18"><span class='ocrx_word' id='word_1_153' title='bbox 287 2353 458 2421; x_wconf 90' lang='lat' dir='ltr'>videretur</span> <span class='ocrx_word' id='word_1_154' title='bbox 470 2354 570 2418; x_wconf 89' lang='lat' dir='ltr'>huius</span> <span class='ocrx_word' id='word_1_155' title='bbox 585 2355 655 2419; x_wconf 89' lang='lat' dir='ltr'>vita</span> <span class='ocrx_word' id='word_1_156' title='bbox 666 2361 701 2418; x_wconf 90' lang='lat' dir='ltr'>et</span> <span class='ocrx_word' id='word_1_157' title='bbox 713 2362 831 2417; x_wconf 90' lang='lat' dir='ltr'>natura</span> <span class='ocrx_word' id='word_1_158' title='bbox 843 2355 993 2437; x_wconf 90' lang='lat' dir='ltr'>accipere</span> <span class='ocrx_word' id='word_1_159' title='bbox 1007 2353 1168 2438; x_wconf 88' lang='lat' dir='ltr'>potuisse.</span> <span class='ocrx_word' id='word_1_160' title='bbox 1209 2352 1337 2418; x_wconf 87' lang='lat' dir='ltr'>Hones-</span> 
     </span>
    </p>
   </div>
   <div class='ocr_carea' id='block_1_3' title="bbox 224 2520 1340 3893">
    <p class='ocr_par' dir='ltr' id='par_1_3' title="bbox 284 2520 1336 2982">
     <span class='ocr_line' id='line_1_21' title="bbox 315 2520 1334 2595; baseline -0.003 -10"><span class='ocrx_word' id='word_1_161' title='bbox 315 2520 398 2586; x_wconf 83' lang='lat'>¹8-12.</span> <span class='ocrx_word' id='word_1_162' title='bbox 420 2535 451 2584; x_wconf 79' lang='grc' dir='ltr'>ῑι,</span> <span class='ocrx_word' id='word_1_163' title='bbox 465 2534 573 2584; x_wconf 77' lang='lat' dir='ltr'>Sullae</span> <span class='ocrx_word' id='word_1_164' title='bbox 585 2534 735 2583; x_wconf 82' lang='lat' dir='ltr'>victoria:</span> <span class='ocrx_word' id='word_1_165' title='bbox 753 2547 797 2584; x_wconf 90' lang='lat' dir='ltr'>see</span> <span class='ocrx_word' id='word_1_166' title='bbox 822 2537 945 2582; x_wconf 84' lang='lat' dir='ltr'>natura:</span> <span class='ocrx_word' id='word_1_167' title='bbox 971 2535 1005 2583; x_wconf 87' lang='lat' dir='ltr'>oi.</span> <span class='ocrx_word' id='word_1_168' title='bbox 1021 2535 1035 2595; x_wconf 59' lang='grc' dir='ltr'><strong>ᾗ</strong></span> <span class='ocrx_word' id='word_1_169' title='bbox 1053 2535 1092 2586; x_wconf 77' lang='grc'>71.</span> <span class='ocrx_word' id='word_1_170' title='bbox 1110 2535 1148 2582; x_wconf 79' lang='grc'>25.</span> <span class='ocrx_word' id='word_1_171' title='bbox 1185 2534 1334 2595; x_wconf 83' lang='lat' dir='ltr'>conpare-</span> 
     </span>
     <span class='ocr_line' id='line_1_22' title="bbox 284 2609 1335 2673; baseline -0.005 -9"><span class='ocrx_word' id='word_1_172' title='bbox 284 2627 320 2664; x_wconf 90' lang='lat' dir='ltr'>on</span> <span class='ocrx_word' id='word_1_173' title='bbox 333 2612 469 2673; x_wconf 75' lang='lat' dir='ltr'>111.§a4;</span> <span class='ocrx_word' id='word_1_174' title='bbox 488 2611 532 2660; x_wconf 85' lang='lat' dir='ltr'>ior</span> <span class='ocrx_word' id='word_1_175' title='bbox 543 2611 590 2661; x_wconf 91' lang='lat' dir='ltr'>the</span> <span class='ocrx_word' id='word_1_176' title='bbox 608 2610 673 2659; x_wconf 89' lang='lat' dir='ltr'>mild</span> <span class='ocrx_word' id='word_1_177' title='bbox 691 2624 797 2673; x_wconf 84' lang='lat' dir='ltr'>expres·</span> <span class='ocrx_word' id='word_1_178' title='bbox 821 2613 882 2668; x_wconf 83' lang='lat' dir='ltr'>ant,</span> <span class='ocrx_word' id='word_1_179' title='bbox 902 2610 979 2673; x_wconf 67' lang='lat' dir='ltr'>‘mag</span> <span class='ocrx_word' id='word_1_180' title='bbox 997 2612 1030 2659; x_wconf 87' lang='lat' dir='ltr'>be</span> <span class='ocrx_word' id='word_1_181' title='bbox 1053 2611 1136 2660; x_wconf 87' lang='lat' dir='ltr'>seen.’</span> <span class='ocrx_word' id='word_1_182' title='bbox 1173 2609 1261 2669; x_wconf 83' lang='lat' dir='ltr'>Quae</span> <span class='ocrx_word' id='word_1_183' title='bbox 1279 2609 1335 2659; x_wconf 84' lang='lat' dir='ltr'>do·</span> 
     </span>
     <span class='ocr_line' id='line_1_23' title="bbox 284 2686 1335 2750; baseline -0.004 -10"><span class='ocrx_word' id='word_1_184' title='bbox 284 2691 343 2740; x_wconf 89' lang='lat' dir='ltr'>sion</span> <span class='ocrx_word' id='word_1_185' title='bbox 355 2689 515 2750; x_wconf 77' lang='lat' dir='ltr'>see0n§62.</span> <span class='ocrx_word' id='word_1_186' title='bbox 525 2688 564 2739; x_wconf 76' lang='lat'>27.</span> <span class='ocrx_word' id='word_1_187' title='bbox 594 2700 628 2736; x_wconf 74' lang='lat' dir='ltr'>se</span> <span class='ocrx_word' id='word_1_188' title='bbox 638 2686 797 2748; x_wconf 74' lang='lat' dir='ltr'>obligavit,</span> <span class='ocrx_word' id='word_1_189' title='bbox 821 2698 897 2744; x_wconf 83' lang='lat' dir='ltr'>mus,</span> <span class='ocrx_word' id='word_1_190' title='bbox 914 2692 976 2746; x_wconf 82' lang='lat' dir='ltr'>etc,</span> <span class='ocrx_word' id='word_1_191' title='bbox 998 2687 1089 2736; x_wconf 87' lang='lat' dir='ltr'>‘what</span> <span class='ocrx_word' id='word_1_192' title='bbox 1106 2701 1122 2736; x_wconf 88' lang='lat' dir='ltr'>a</span> <span class='ocrx_word' id='word_1_193' title='bbox 1138 2686 1227 2736; x_wconf 87' lang='lat' dir='ltr'>crowd</span> <span class='ocrx_word' id='word_1_194' title='bbox 1245 2691 1274 2736; x_wconf 87' lang='lat' dir='ltr'>at</span> <span class='ocrx_word' id='word_1_195' title='bbox 1291 2687 1335 2736; x_wconf 86' lang='lat' dir='ltr'>his</span> 
     </span>
     <span class='ocr_line' id='line_1_24' title="bbox 286 2762 1335 2828; baseline -0.002 -14"><span class='ocrx_word' id='word_1_196' title='bbox 286 2768 340 2828; x_wconf 89' lang='lat' dir='ltr'>i.e.,</span> <span class='ocrx_word' id='word_1_197' title='bbox 363 2766 440 2814; x_wconf 87' lang='lat' dir='ltr'>made</span> <span class='ocrx_word' id='word_1_198' title='bbox 470 2764 579 2813; x_wconf 78' lang='lat' dir='ltr'>himself</span> <span class='ocrx_word' id='word_1_199' title='bbox 606 2762 730 2825; x_wconf 82' lang='lat' dir='ltr'>formally</span> <span class='ocrx_word' id='word_1_200' title='bbox 759 2777 796 2812; x_wconf 90' lang='lat' dir='ltr'>re·</span> <span class='ocrx_word' id='word_1_201' title='bbox 821 2763 905 2812; x_wconf 89' lang='lat' dir='ltr'>house</span> <span class='ocrx_word' id='word_1_202' title='bbox 921 2764 987 2812; x_wconf 88' lang='lat' dir='ltr'>each</span> <span class='ocrx_word' id='word_1_203' title='bbox 1006 2762 1085 2826; x_wconf 87' lang='lat' dir='ltr'>dayl’</span> <span class='ocrx_word' id='word_1_204' title='bbox 1122 2764 1180 2813; x_wconf 77' lang='lat' dir='ltr'>&#39;l&#39;he</span> <span class='ocrx_word' id='word_1_205' title='bbox 1199 2765 1335 2813; x_wconf 84' lang='lat' dir='ltr'>reference</span> 
     </span>
     <span class='ocr_line' id='line_1_25' title="bbox 284 2839 1336 2906; baseline -0.004 -14"><span class='ocrx_word' id='word_1_206' title='bbox 284 2842 419 2906; x_wconf 89' lang='lat' dir='ltr'>sponslble</span> <span class='ocrx_word' id='word_1_207' title='bbox 432 2847 460 2890; x_wconf 90' lang='lat' dir='ltr'>to</span> <span class='ocrx_word' id='word_1_208' title='bbox 472 2842 518 2890; x_wconf 84' lang='lat' dir='ltr'>the</span> <span class='ocrx_word' id='word_1_209' title='bbox 530 2840 646 2889; x_wconf 86' lang='lat' dir='ltr'>dictator</span> <span class='ocrx_word' id='word_1_210' title='bbox 666 2840 708 2888; x_wconf 90' lang='lat' dir='ltr'>ior</span> <span class='ocrx_word' id='word_1_211' title='bbox 726 2839 797 2887; x_wconf 91' lang='lat' dir='ltr'>their</span> <span class='ocrx_word' id='word_1_212' title='bbox 821 2841 843 2888; x_wconf 89' lang='lat' dir='ltr'>is</span> <span class='ocrx_word' id='word_1_213' title='bbox 865 2845 894 2889; x_wconf 88' lang='lat' dir='ltr'>to</span> <span class='ocrx_word' id='word_1_214' title='bbox 914 2841 960 2890; x_wconf 92' lang='lat' dir='ltr'>the</span> <span class='ocrx_word' id='word_1_215' title='bbox 981 2841 1109 2903; x_wconf 85' lang='lat' dir='ltr'>morning</span> <span class='ocrx_word' id='word_1_216' title='bbox 1132 2841 1283 2902; x_wconf 77' lang='lat' dir='ltr'>receptione</span> <span class='ocrx_word' id='word_1_217' title='bbox 1305 2841 1336 2888; x_wconf 84' lang='lat' dir='ltr'>oi</span> 
     </span>
     <span class='ocr_line' id='line_1_26' title="bbox 284 2915 1334 2982; baseline -0.003 -15"><span class='ocrx_word' id='word_1_218' title='bbox 284 2919 352 2982; x_wconf 88' lang='lat' dir='ltr'>good</span> <span class='ocrx_word' id='word_1_219' title='bbox 365 2919 499 2967; x_wconf 84' lang='lat' dir='ltr'>behavior.</span> <span class='ocrx_word' id='word_1_220' title='bbox 617 2973 620 2980; x_wconf 43' lang='grc'>,</span> <span class='ocrx_word' id='word_1_221' title='bbox 821 2915 927 2965; x_wconf 89' lang='lat' dir='ltr'>Roman</span> <span class='ocrx_word' id='word_1_222' title='bbox 950 2916 1052 2978; x_wconf 87' lang='lat' dir='ltr'>nobles,</span> <span class='ocrx_word' id='word_1_223' title='bbox 1076 2923 1105 2965; x_wconf 92' lang='lat' dir='ltr'>at</span> <span class='ocrx_word' id='word_1_224' title='bbox 1124 2930 1176 2966; x_wconf 91' lang='lat' dir='ltr'>one</span> <span class='ocrx_word' id='word_1_225' title='bbox 1196 2918 1225 2965; x_wconf 86' lang='lat' dir='ltr'>oi</span> <span class='ocrx_word' id='word_1_226' title='bbox 1244 2916 1334 2965; x_wconf 87' lang='lat' dir='ltr'>which</span> 
     </span>
    </p>

    <p class='ocr_par' dir='ltr' id='par_1_4' title="bbox 315 2991 1267 3054">
     <span class='ocr_line' id='line_1_27' title="bbox 315 2991 1267 3054; baseline -0.001 -11"><span class='ocrx_word' id='word_1_227' title='bbox 315 2995 361 3052; x_wconf 85' lang='lat'>1⁵,</span> <span class='ocrx_word' id='word_1_228' title='bbox 373 2993 419 3043; x_wconf 82' lang='lat'>16.</span> <span class='ocrx_word' id='word_1_229' title='bbox 444 3005 557 3054; x_wconf 85' lang='lat' dir='ltr'>quam</span> <span class='ocrx_word' id='word_1_230' title='bbox 584 3004 704 3054; x_wconf 79' lang='lat' dir='ltr'>posse</span> <span class='ocrx_word' id='word_1_231' title='bbox 729 3027 736 3038; x_wconf 89' lang='lat'><strong>.</strong></span> <span class='ocrx_word' id='word_1_232' title='bbox 758 3027 764 3038; x_wconf 91' lang='lat'><em>.</em></span> <span class='ocrx_word' id='word_1_233' title='bbox 790 3027 795 3038; x_wconf 94' lang='lat'>.</span> <span class='ocrx_word' id='word_1_234' title='bbox 821 2991 914 3042; x_wconf 88' lang='lat' dir='ltr'>Cicero</span> <span class='ocrx_word' id='word_1_235' title='bbox 927 3007 980 3042; x_wconf 88' lang='lat' dir='ltr'>was</span> <span class='ocrx_word' id='word_1_236' title='bbox 992 2999 1021 3042; x_wconf 93' lang='lat' dir='ltr'>to</span> <span class='ocrx_word' id='word_1_237' title='bbox 1033 2994 1065 3043; x_wconf 93' lang='lat' dir='ltr'>be</span> <span class='ocrx_word' id='word_1_238' title='bbox 1077 2993 1267 3043; x_wconf 86' lang='lat' dir='ltr'>assassinated.</span> 
     </span>
    </p>

    <p class='ocr_par' dir='ltr' id='par_1_5' title="bbox 224 3068 1336 3588">
     <span class='ocr_line' id='line_1_28' title="bbox 224 3068 1333 3131; baseline -0.004 -11"><span class='ocrx_word' id='word_1_239' title='bbox 224 3081 227 3087; x_wconf 88' lang='lat'>·</span> <span class='ocrx_word' id='word_1_240' title='bbox 285 3071 366 3128; x_wconf 83' lang='lat' dir='ltr'>dare,</span> <span class='ocrx_word' id='word_1_241' title='bbox 388 3070 501 3120; x_wconf 83' lang='lat' dir='ltr'>because</span> <span class='ocrx_word' id='word_1_242' title='bbox 529 3071 556 3117; x_wconf 90' lang='lat' dir='ltr'>in</span> <span class='ocrx_word' id='word_1_243' title='bbox 577 3083 593 3116; x_wconf 90' lang='lat' dir='ltr'>a</span> <span class='ocrx_word' id='word_1_244' title='bbox 615 3068 735 3131; x_wconf 88' lang='lat' dir='ltr'>republic</span> <span class='ocrx_word' id='word_1_245' title='bbox 761 3081 796 3117; x_wconf 91' lang='lat' dir='ltr'>no</span> <span class='ocrx_word' id='word_1_246' title='bbox 851 3068 954 3127; x_wconf 83' lang='lat'>25,26,</span> <span class='ocrx_word' id='word_1_247' title='bbox 973 3069 1079 3130; x_wconf 79' lang='lat' dir='ltr'>quod</span> <span class='ocrx_word' id='word_1_248' title='bbox 1102 3105 1107 3117; x_wconf 95' lang='lat'>.</span> <span class='ocrx_word' id='word_1_249' title='bbox 1130 3105 1136 3116; x_wconf 91' lang='lat'><em>.</em></span> <span class='ocrx_word' id='word_1_250' title='bbox 1159 3068 1333 3130; x_wconf 57' lang='lat' dir='ltr'>potuisse,</span> 
     </span>
     <span class='ocr_line' id='line_1_29' title="bbox 285 3144 1335 3208; baseline -0.003 -12"><span class='ocrx_word' id='word_1_251' title='bbox 285 3147 373 3196; x_wconf 86' lang='lat' dir='ltr'>man&#39;s</span> <span class='ocrx_word' id='word_1_252' title='bbox 402 3147 449 3196; x_wconf 84' lang='lat' dir='ltr'>liic</span> <span class='ocrx_word' id='word_1_253' title='bbox 476 3146 562 3208; x_wconf 84' lang='lat' dir='ltr'>ought</span> <span class='ocrx_word' id='word_1_254' title='bbox 590 3151 619 3194; x_wconf 83' lang='lat' dir='ltr'>to</span> <span class='ocrx_word' id='word_1_255' title='bbox 639 3145 671 3194; x_wconf 89' lang='lat' dir='ltr'>be</span> <span class='ocrx_word' id='word_1_256' title='bbox 699 3149 727 3193; x_wconf 87' lang='lat' dir='ltr'>at</span> <span class='ocrx_word' id='word_1_257' title='bbox 749 3145 796 3193; x_wconf 92' lang='lat' dir='ltr'>the</span> <span class='ocrx_word' id='word_1_258' title='bbox 822 3144 899 3194; x_wconf 88' lang='lat' dir='ltr'>‘that</span> <span class='ocrx_word' id='word_1_259' title='bbox 921 3147 964 3195; x_wconf 91' lang='lat' dir='ltr'>his</span> <span class='ocrx_word' id='word_1_260' title='bbox 987 3147 1034 3196; x_wconf 89' lang='lat' dir='ltr'>liie</span> <span class='ocrx_word' id='word_1_261' title='bbox 1056 3147 1109 3195; x_wconf 90' lang='lat' dir='ltr'>and</span> <span class='ocrx_word' id='word_1_262' title='bbox 1138 3147 1284 3206; x_wconf 84' lang='lat' dir='ltr'>character,</span> <span class='ocrx_word' id='word_1_263' title='bbox 1309 3145 1335 3194; x_wconf 91' lang='lat' dir='ltr'>it</span> 
     </span>
     <span class='ocr_line' id='line_1_30' title="bbox 285 3220 1333 3285; baseline -0.002 -13"><span class='ocrx_word' id='word_1_264' title='bbox 285 3237 373 3284; x_wconf 81' lang='lat' dir='ltr'>merny</span> <span class='ocrx_word' id='word_1_265' title='bbox 401 3224 431 3273; x_wconf 89' lang='lat' dir='ltr'>oi</span> <span class='ocrx_word' id='word_1_266' title='bbox 452 3223 573 3271; x_wconf 87' lang='lat' dir='ltr'>another.</span> <span class='ocrx_word' id='word_1_267' title='bbox 633 3220 706 3270; x_wconf 86' lang='lat' dir='ltr'>ideo</span> <span class='ocrx_word' id='word_1_268' title='bbox 730 3255 736 3267; x_wconf 86' lang='lat'>.</span> <span class='ocrx_word' id='word_1_269' title='bbox 760 3256 766 3268; x_wconf 91' lang='lat'>.</span> <span class='ocrx_word' id='word_1_270' title='bbox 790 3256 796 3268; x_wconf 91' lang='lat'>.</span> <span class='ocrx_word' id='word_1_271' title='bbox 820 3223 935 3284; x_wconf 89' lang='lat' dir='ltr'>seemed,</span> <span class='ocrx_word' id='word_1_272' title='bbox 954 3224 1040 3285; x_wconf 83' lang='lat' dir='ltr'>might</span> <span class='ocrx_word' id='word_1_273' title='bbox 1061 3223 1147 3283; x_wconf 87' lang='lat' dir='ltr'>admit</span> <span class='ocrx_word' id='word_1_274' title='bbox 1164 3223 1193 3272; x_wconf 88' lang='lat' dir='ltr'>oi</span> <span class='ocrx_word' id='word_1_275' title='bbox 1211 3221 1250 3271; x_wconf 88' lang='lat' dir='ltr'>it.’</span> <span class='ocrx_word' id='word_1_276' title='bbox 1287 3221 1333 3270; x_wconf 87' lang='lat' dir='ltr'>He</span> 
     </span>
     <span class='ocr_line' id='line_1_31' title="bbox 283 3297 1334 3361; baseline -0.002 -13"><span class='ocrx_word' id='word_1_277' title='bbox 283 3299 351 3361; x_wconf 76' lang='lat' dir='ltr'>ipsi,</span> <span class='ocrx_word' id='word_1_278' title='bbox 369 3299 420 3349; x_wconf 82' lang='lat' dir='ltr'>‘on</span> <span class='ocrx_word' id='word_1_279' title='bbox 438 3301 498 3348; x_wconf 82' lang='lat' dir='ltr'>that</span> <span class='ocrx_word' id='word_1_280' title='bbox 514 3303 630 3347; x_wconf 87' lang='lat' dir='ltr'>account</span> <span class='ocrx_word' id='word_1_281' title='bbox 646 3297 660 3346; x_wconf 92' lang='lat'>1</span> <span class='ocrx_word' id='word_1_282' title='bbox 678 3298 728 3359; x_wconf 89' lang='lat' dir='ltr'>beg</span> <span class='ocrx_word' id='word_1_283' title='bbox 744 3312 797 3360; x_wconf 91' lang='lat' dir='ltr'>you</span> <span class='ocrx_word' id='word_1_284' title='bbox 821 3313 913 3347; x_wconf 87' lang='lat' dir='ltr'>means</span> <span class='ocrx_word' id='word_1_285' title='bbox 925 3299 985 3347; x_wconf 88' lang='lat' dir='ltr'>that</span> <span class='ocrx_word' id='word_1_286' title='bbox 998 3300 1104 3360; x_wconf 87' lang='lat' dir='ltr'>bribery</span> <span class='ocrx_word' id='word_1_287' title='bbox 1116 3313 1170 3348; x_wconf 85' lang='lat' dir='ltr'>was</span> <span class='ocrx_word' id='word_1_288' title='bbox 1183 3313 1212 3347; x_wconf 92' lang='lat' dir='ltr'>so</span> <span class='ocrx_word' id='word_1_289' title='bbox 1224 3297 1334 3360; x_wconf 83' lang='lat' dir='ltr'>general</span> 
     </span>
     <span class='ocr_line' id='line_1_32' title="bbox 285 3373 1335 3437; baseline 0 -13"><span class='ocrx_word' id='word_1_290' title='bbox 285 3384 313 3426; x_wconf 87' lang='lat' dir='ltr'>to</span> <span class='ocrx_word' id='word_1_291' title='bbox 324 3377 426 3425; x_wconf 88' lang='lat' dir='ltr'>ascribe</span> <span class='ocrx_word' id='word_1_292' title='bbox 439 3376 481 3425; x_wconf 93' lang='lat' dir='ltr'>hls</span> <span class='ocrx_word' id='word_1_293' title='bbox 494 3388 584 3437; x_wconf 89' lang='lat' dir='ltr'>power</span> <span class='ocrx_word' id='word_1_294' title='bbox 597 3374 682 3437; x_wconf 81' lang='lat' dir='ltr'>(qrrcd</span> <span class='ocrx_word' id='word_1_295' title='bbox 692 3373 795 3435; x_wconf 82' lang='lat' dir='ltr'>potuit)</span> <span class='ocrx_word' id='word_1_296' title='bbox 821 3375 881 3422; x_wconf 86' lang='lat' dir='ltr'>that</span> <span class='ocrx_word' id='word_1_297' title='bbox 896 3389 932 3424; x_wconf 90' lang='lat' dir='ltr'>nc</span> <span class='ocrx_word' id='word_1_298' title='bbox 949 3389 1022 3436; x_wconf 89' lang='lat' dir='ltr'>man,</span> <span class='ocrx_word' id='word_1_299' title='bbox 1038 3376 1162 3424; x_wconf 88' lang='lat' dir='ltr'>however</span> <span class='ocrx_word' id='word_1_300' title='bbox 1173 3373 1335 3436; x_wconf 85' lang='lat' dir='ltr'>scrupuloirs</span> 
     </span>
     <span class='ocr_line' id='line_1_33' title="bbox 284 3450 1336 3513; baseline -0.001 -13"><span class='ocrx_word' id='word_1_301' title='bbox 284 3458 313 3500; x_wconf 92' lang='lat' dir='ltr'>to</span> <span class='ocrx_word' id='word_1_302' title='bbox 328 3453 375 3502; x_wconf 89' lang='lat' dir='ltr'>the</span> <span class='ocrx_word' id='word_1_303' title='bbox 391 3454 478 3512; x_wconf 88' lang='lat' dir='ltr'>times,</span> <span class='ocrx_word' id='word_1_304' title='bbox 493 3452 535 3499; x_wconf 89' lang='lat' dir='ltr'>his</span> <span class='ocrx_word' id='word_1_305' title='bbox 550 3457 605 3500; x_wconf 84' lang='lat' dir='ltr'>acts</span> <span class='ocrx_word' id='word_1_306' title='bbox 615 3451 701 3512; x_wconf 79' lang='lat' dir='ltr'>(quod</span> <span class='ocrx_word' id='word_1_307' title='bbox 710 3450 794 3510; x_wconf 81' lang='lat' dir='ltr'>fecit)</span> <span class='ocrx_word' id='word_1_308' title='bbox 821 3453 849 3499; x_wconf 92' lang='lat' dir='ltr'>in</span> <span class='ocrx_word' id='word_1_309' title='bbox 866 3452 945 3500; x_wconf 89' lang='lat' dir='ltr'>other</span> <span class='ocrx_word' id='word_1_310' title='bbox 961 3457 1088 3513; x_wconf 87' lang='lat' dir='ltr'>respects,</span> <span class='ocrx_word' id='word_1_311' title='bbox 1103 3465 1157 3501; x_wconf 90' lang='lat' dir='ltr'>was</span> <span class='ocrx_word' id='word_1_312' title='bbox 1175 3451 1259 3499; x_wconf 83' lang='lat' dir='ltr'>above</span> <span class='ocrx_word' id='word_1_313' title='bbox 1276 3464 1336 3500; x_wconf 88' lang='lat' dir='ltr'>sus-</span> 
     </span>
     <span class='ocr_line' id='line_1_34' title="bbox 284 3526 1336 3588; baseline 0 -12"><span class='ocrx_word' id='word_1_314' title='bbox 284 3534 313 3577; x_wconf 92' lang='lat' dir='ltr'>to</span> <span class='ocrx_word' id='word_1_315' title='bbox 326 3528 452 3577; x_wconf 86' lang='lat' dir='ltr'>hirnseli.’</span> <span class='ocrx_word' id='word_1_316' title='bbox 821 3528 909 3588; x_wconf 89' lang='lat' dir='ltr'>picion</span> <span class='ocrx_word' id='word_1_317' title='bbox 930 3528 961 3577; x_wconf 84' lang='lat' dir='ltr'>oi</span> <span class='ocrx_word' id='word_1_318' title='bbox 980 3527 1014 3576; x_wconf 88' lang='lat' dir='ltr'>it:</span> <span class='ocrx_word' id='word_1_319' title='bbox 1034 3529 1068 3576; x_wconf 87' lang='lat' dir='ltr'>he</span> <span class='ocrx_word' id='word_1_320' title='bbox 1090 3528 1138 3576; x_wconf 89' lang='lat' dir='ltr'>has</span> <span class='ocrx_word' id='word_1_321' title='bbox 1155 3526 1262 3588; x_wconf 86' lang='lat' dir='ltr'>already</span> <span class='ocrx_word' id='word_1_322' title='bbox 1274 3527 1336 3576; x_wconf 86' lang='lat' dir='ltr'>said</span> 
     </span>
    </p>

    <p class='ocr_par' dir='ltr' id='par_1_6' title="bbox 283 3603 1340 3893">
     <span class='ocr_line' id='line_1_35' title="bbox 317 3603 1337 3666; baseline -0.004 -10"><span class='ocrx_word' id='word_1_323' title='bbox 317 3604 614 3666; x_wconf 77' lang='lat' dir='ltr'>§73.19-21.quae:</span> <span class='ocrx_word' id='word_1_324' title='bbox 639 3605 680 3651; x_wconf 88' lang='lat' dir='ltr'>ior</span> <span class='ocrx_word' id='word_1_325' title='bbox 697 3603 796 3664; x_wconf 85' lang='lat' dir='ltr'>gendcr</span> <span class='ocrx_word' id='word_1_326' title='bbox 821 3605 845 3665; x_wconf 64' lang='grc' dir='ltr'>(ξ</span> <span class='ocrx_word' id='word_1_327' title='bbox 865 3605 904 3653; x_wconf 85' lang='grc'>68.</span> <span class='ocrx_word' id='word_1_328' title='bbox 930 3605 968 3664; x_wconf 85' lang='grc'>19)</span> <span class='ocrx_word' id='word_1_329' title='bbox 991 3605 1052 3654; x_wconf 84' lang='lat' dir='ltr'>that</span> <span class='ocrx_word' id='word_1_330' title='bbox 1075 3604 1150 3654; x_wconf 84' lang='lat' dir='ltr'>Sulla</span> <span class='ocrx_word' id='word_1_331' title='bbox 1170 3617 1225 3654; x_wconf 87' lang='lat' dir='ltr'>was</span> <span class='ocrx_word' id='word_1_332' title='bbox 1248 3603 1337 3652; x_wconf 86' lang='lat' dir='ltr'>above</span> 
     </span>
     <span class='ocr_line' id='line_1_36' title="bbox 284 3679 1338 3742; baseline -0.002 -12"><span class='ocrx_word' id='word_1_333' title='bbox 284 3695 327 3730; x_wconf 87' lang='lat' dir='ltr'>see</span> <span class='ocrx_word' id='word_1_334' title='bbox 339 3695 374 3729; x_wconf 89' lang='lat' dir='ltr'>on</span> <span class='ocrx_word' id='word_1_335' title='bbox 389 3681 423 3729; x_wconf 87' lang='lat' dir='ltr'>ll.</span> <span class='ocrx_word' id='word_1_336' title='bbox 438 3679 483 3728; x_wconf 80' lang='lat'>19.</span> <span class='ocrx_word' id='word_1_337' title='bbox 499 3681 535 3727; x_wconf 81' lang='lat'>15.</span> <span class='ocrx_word' id='word_1_338' title='bbox 570 3680 616 3727; x_wconf 85' lang='lat' dir='ltr'>ita</span> <span class='ocrx_word' id='word_1_339' title='bbox 633 3713 638 3724; x_wconf 91' lang='lat'>.</span> <span class='ocrx_word' id='word_1_340' title='bbox 657 3715 662 3725; x_wconf 90' lang='lat'>.</span> <span class='ocrx_word' id='word_1_341' title='bbox 680 3714 685 3725; x_wconf 95' lang='lat'><em>.</em></span> <span class='ocrx_word' id='word_1_342' title='bbox 704 3682 739 3727; x_wconf 90' lang='lat' dir='ltr'>ut</span> <span class='ocrx_word' id='word_1_343' title='bbox 751 3681 796 3725; x_wconf 87' lang='lat' dir='ltr'>ta·</span> <span class='ocrx_word' id='word_1_344' title='bbox 820 3681 957 3742; x_wconf 87' lang='lat' dir='ltr'>suspicion</span> <span class='ocrx_word' id='word_1_345' title='bbox 977 3681 1004 3728; x_wconf 89' lang='lat' dir='ltr'>in</span> <span class='ocrx_word' id='word_1_346' title='bbox 1028 3681 1074 3729; x_wconf 90' lang='lat' dir='ltr'>the</span> <span class='ocrx_word' id='word_1_347' title='bbox 1097 3686 1196 3729; x_wconf 88' lang='lat' dir='ltr'>matter</span> <span class='ocrx_word' id='word_1_348' title='bbox 1216 3681 1244 3727; x_wconf 86' lang='lat' dir='ltr'>oi</span> <span class='ocrx_word' id='word_1_349' title='bbox 1266 3680 1338 3728; x_wconf 88' lang='lat' dir='ltr'>such</span> 
     </span>
     <span class='ocr_line' id='line_1_37' title="bbox 285 3754 1340 3824; baseline -0.002 -20"><span class='ocrx_word' id='word_1_350' title='bbox 285 3769 369 3807; x_wconf 88' lang='lat' dir='ltr'>men:</span> <span class='ocrx_word' id='word_1_351' title='bbox 387 3757 569 3819; x_wconf 79' lang='lat' dir='ltr'>ci.§§58.36;</span> <span class='ocrx_word' id='word_1_352' title='bbox 585 3757 659 3804; x_wconf 69' lang='lat'>421.</span> <span class='ocrx_word' id='word_1_353' title='bbox 696 3754 795 3803; x_wconf 79' lang='lat' dir='ltr'>detor·</span> <span class='ocrx_word' id='word_1_354' title='bbox 819 3757 916 3804; x_wconf 86' lang='lat' dir='ltr'>crimes</span> <span class='ocrx_word' id='word_1_355' title='bbox 933 3771 963 3805; x_wconf 89' lang='lat' dir='ltr'>as</span> <span class='ocrx_word' id='word_1_356' title='bbox 981 3757 1027 3806; x_wconf 82' lang='lat' dir='ltr'>the</span> <span class='ocrx_word' id='word_1_357' title='bbox 1044 3757 1201 3824; x_wconf 86' lang='lat' dir='ltr'>conspiracy</span> <span class='ocrx_word' id='word_1_358' title='bbox 1214 3761 1340 3810; x_wconf 80' lang='lat' dir='ltr'>coutem-</span> 
     </span>
     <span class='ocr_line' id='line_1_38' title="bbox 283 3830 919 3893; baseline -0.002 -11"><span class='ocrx_word' id='word_1_359' title='bbox 283 3837 381 3892; x_wconf 80' lang='lat' dir='ltr'>mata,</span> <span class='ocrx_word' id='word_1_360' title='bbox 399 3832 539 3883; x_wconf 78' lang='lat' dir='ltr'>‘marred’</span> <span class='ocrx_word' id='word_1_361' title='bbox 583 3845 601 3880; x_wconf 86' lang='lat' dir='ltr'>a</span> <span class='ocrx_word' id='word_1_362' title='bbox 621 3831 755 3885; x_wconf 76' lang='lat' dir='ltr'>fortuna.</span> <span class='ocrx_word' id='word_1_363' title='bbox 778 3843 796 3880; x_wconf 82' lang='lat' dir='ltr'>a</span> <span class='ocrx_word' id='word_1_364' title='bbox 821 3830 919 3893; x_wconf 75' lang='lat' dir='ltr'>placed.</span> 
     </span>
    </p>
   </div>
   <div class='ocr_carea' id='block_1_4' title="bbox 0 0 1474 4376">
    <p class='ocr_par' dir='ltr' id='par_1_7' title="bbox 0 0 1474 4376">
     <span class='ocr_line' id='line_1_39' title="bbox 0 0 1474 4376; baseline 0 0"><span class='ocrx_word' id='word_1_365' title='bbox 0 0 1474 4376; x_wconf 95' lang='lat' dir='ltr'> </span> 
     </span>
    </p>
   </div>
  </div>
 </body>
</html>
