2954 4374
252 290 314 354 208
582 301 653 351 rao
677 301 707 350 n.
731 299 890 352 MURENA
913 300 1061 350 orario,
1104 322 1110 331 ·

300 474 420 550 Samia,
437 474 533 558 quasi
558 495 637 538 vero
662 479 752 537 esset
774 472 946 560 Diogenes
969 471 1119 557 Cynicus
1142 479 1293 536 mortuus
1317 479 1352 536 et

300 601 367 645 non
387 577 493 642 divini
517 577 660 642 hominis
684 575 838 640 Africani
862 598 949 641 mors
973 575 1224 652 honestaretur3
1248 598 1351 661 quem

300 705 377 748 cum
401 703 557 766 supremo
582 681 653 745 eius
675 680 729 745 die
753 680 922 744 Maximus
947 678 1108 754 laudaret,
1132 681 1257 766 gratias
1280 683 1352 768 egit

301 788 353 852 dis
390 785 641 861 immortalibus,
679 784 771 870 quod
807 785 864 848 ille
901 785 953 848 vir
991 785 1026 847 in
1058 784 1119 848 hac
1150 806 1185 849 re
1215 783 1351 870 publica

250 909 278 954 15
300 893 510 978 potissimum
536 897 636 954 natus
664 898 771 964 esset3
797 911 931 954 necesse
960 889 1048 953 enirn
1074 887 1178 954 luisse
1203 889 1249 954 ibi
1277 911 1350 956 esse

300 1007 463 1062 terrarum
501 995 686 1080 imperium,
723 993 779 1059 uhi
808 994 866 1059 ille
895 1000 991 1058 esset.
1039 993 1151 1058 Huius
1176 995 1211 1057 in
1242 997 1349 1059 morte

299 1100 497 1166 celebranda
521 1099 669 1185 graviter
692 1099 773 1162 tulit
798 1099 942 1182 populus
972 1098 1144 1162 Romanus
1169 1097 1254 1162 hanc
1279 1120 1351 1183 per-

248 1209 287 1272 76
300 1225 428 1270 versam
443 1205 641 1289 sapientiam
657 1202 853 1279 Tuberonis,
865 1203 980 1286 itaque
992 1202 1090 1266 homo
1102 1203 1348 1289 integerrimus,

299 1311 381 1374 aivis
406 1310 564 1394 optimus,
589 1330 665 1372 cum
690 1316 777 1372 esset
798 1307 834 1369 L.
860 1306 958 1370 Pauli
981 1327 1093 1390 nepos
1118 1305 1157 1370 Ρ.
1183 1305 1348 1384 Africani,
1385 1289 1391 1298 ’

247 1429 276 1474 20
300 1423 338 1478 ut
363 1413 444 1489 dixi,
472 1413 592 1478 sororis
615 1412 715 1487 filius,
741 1412 792 1476 his
820 1411 971 1476 haedinis
998 1410 1166 1496 pelliculis
1192 1419 1350 1495 praetura

299 1517 448 1582 deiectus
475 1524 536 1582 est.
584 1515 668 1581 Odit
694 1517 838 1600 populus
865 1517 1033 1581 Romanus
1059 1517 1225 1601 privatam
1248 1516 1351 1580 luxu·

298 1623 390 1697 riam,
418 1621 585 1706 publicam
610 1621 890 1708 magnificentiam
915 1620 1046 1707 diligit3
1074 1642 1141 1684 non
1162 1629 1252 1685 amat
1276 1643 1350 1706 pro-

297 1725 388 1790 fusas
414 1727 539 1810 epulas,
570 1725 683 1790 sordes
707 1732 741 1788 et
771 1724 1048 1789 inhumanitatem
1079 1725 1187 1789 multo
1217 1725 1347 1803 minus3

297 1831 478 1916 distinguit
515 1813 642 1894 ratione
676 1828 858 1892 officiorum
888 1850 925 1892 ao
962 1836 1148 1913 temporum
1182 1829 1349 1894 vicissitu-

245 1951 274 1994 25
296 1934 410 1999 dinem
437 1934 558 1999 laboris
584 1955 622 1998 ac
650 1934 843 2017 voluptatis.
890 1931 977 1996 Nam
1004 1932 1096 2017 quod
1121 1934 1170 1997 ais
1195 1934 1289 1998 nulla
1312 1957 1347 2000 re

297 2039 387 2102 allici
437 2038 608 2102 hominum
659 2046 787 2103 mentes
837 2044 988 2122 oportere
1034 2037 1077 2100 ad
1112 2038 1346 2124 magistratum

297 2142 523 2207 mandandum
543 2143 607 2206 nisi
626 2139 803 2228 dignitate,
824 2141 886 2206 hoo
908 2149 946 2206 tu
969 2143 1049 2226 ipse,
1073 2143 1108 2204 in
1130 2164 1197 2227 quo
1216 2164 1346 2208 summa

297 2254 348 2312 est
377 2247 533 2333 dignitas,
566 2268 633 2310 non
663 2267 787 2310 servae.
835 2245 905 2309 Cur
941 2248 1030 2310 enim
1064 2268 1278 2332 quemquam,
1306 2256 1347 2313 ut

296 2350 431 2416 studeat
458 2351 528 2427 tibi,
553 2358 592 2414 ut
615 2359 647 2416 te
669 2350 816 2426 adiuvet,
843 2351 965 2437 rogas?
1011 2351 1122 2438 Rogas
1149 2358 1188 2414 tu
1215 2372 1277 2426 me,
1305 2360 1346 2416 ut

152 2455 153 2458 ’
245 2472 274 2516 so
296 2455 377 2519 mihi
394 2455 527 2538 praesis,
541 2463 580 2518 ut
595 2455 802 2519 committam
817 2477 880 2541 ego
896 2476 947 2520 me
965 2455 1035 2520 tibi.
1084 2453 1177 2534 Quid
1187 2453 1343 2520 tandem?

296 2561 383 2624 istuc
409 2580 460 2623 me
484 2561 591 2644 rogari
615 2566 747 2643 oportet
767 2558 824 2622 abs
850 2567 882 2623 te
907 2581 950 2623 an
977 2566 1011 2624 te
1036 2559 1148 2644 potius
1178 2580 1283 2635 ame,
1305 2567 1346 2624 ut

245 2668 284 2730 77
295 2685 355 2748 pro
371 2685 443 2727 mea
457 2663 565 2726 salute
582 2662 728 2727 laborem
738 2664 993 2748 periculumque
1010 2662 1195 2750 suscipias?
1240 2662 1343 2744 Quid,

326 2919 372 2967 11.
390 2918 552 2979 Diogenes,
564 2918 610 2967 the
623 2918 730 2969 famous
747 2920 806 2982 phi·
859 2919 929 2980 576.
950 2918 996 2968 24.
1013 2919 1182 2976 ratione,
1215 2918 1264 2983 ‘by
1295 2921 1343 2971 the

295 2994 420 3058 losopher
442 2997 471 3044 oi
493 2995 540 3044 the
562 2995 620 3056 tub,
643 2996 732 3044 whose
755 3010 806 3044 one
826 2993 919 3043 claims
931 2995 960 3044 of
966 2994 985 3056 ;'
999 2995 1042 3044 for
1054 2996 1101 3044 the
1110 2994 1199 3046 whole
1211 2995 1340 3060 thought,

294 3074 347 3121 aim
360 3086 414 3121 vvas
434 3076 463 3120 to
481 3071 556 3120 show
573 3072 635 3121 how
653 3071 722 3120 little
742 3086 804 3120 man
826 3071 860 3120 ef.
875 3071 888 3132 ἓ
901 3069 941 3122 74.
955 3071 995 3121 34.

294 3148 375 3210 really
387 3149 512 3209 requires.
857 3146 902 3204 20,
915 3146 961 3195 30.
978 3148 1113 3206 studeat,
1131 3149 1266 3207 adiuvet.
1284 3149 1339 3212 i.e.,

324 3223 426 3273 13-15.
443 3237 589 3286 supremo
598 3225 656 3283 die,
666 3226 730 3275 used
742 3227 805 3275 both
826 3225 853 3273 in
871 3225 918 3273 tire
936 3239 1049 3275 eanvass
1066 3226 1110 3275 for
1127 3228 1173 3275 the
1192 3229 1339 3288 tribuuate,

293 3302 322 3350 oi
341 3302 387 3350 the
406 3301 458 3364 day
478 3302 507 3350 of
529 3303 611 3351 death
630 3303 684 3352 and
707 3303 758 3365 day
777 3304 806 3352 oi
826 3301 894 3351 Cato
917 3301 970 3350 had
998 3303 1055 3364 just
1077 3303 1146 3368 been
1169 3303 1270 3353 elected
1294 3306 1341 3352 tri-

293 3377 392 3435 bunal:
414 3379 478 3434 here
499 3379 526 3428 in
550 3380 597 3429 the
620 3379 700 3430 latter
718 3394 802 3430 sense.
826 3379 905 3439 bime,
916 3378 969 3427 and
981 3378 1074 3428 Cicero
1085 3380 1242 3441 J'estsathis
1254 3380 1341 3430 meth-

292 3454 447 3503 ieudaret:
461 3454 508 3503 the
517 3455 623 3504 funeral
634 3457 705 3504 train
714 3455 804 3504 halted
825 3455 873 3504 ods
896 3455 925 3504 oi
948 3457 1054 3518 getting
1077 3462 1160 3506 votes.
1206 3459 1242 3504 ut
1264 3455 1341 3506 mihi

291 3531 320 3580 in
333 3532 380 3581 the
391 3531 491 3592 forum,
501 3530 555 3579 and
566 3532 613 3580 the
623 3545 682 3593 son,
692 3546 723 3582 or
731 3546 805 3581 some
824 3531 950 3592 praesis.
976 3531 1053 3581 ‘that
1078 3530 1119 3594 (as
1141 3533 1261 3595 tribune)
1286 3547 1339 3595 you

291 3620 357 3656 near
368 3606 479 3656 relative
491 3605 521 3657 oi
537 3607 584 3656 the
596 3606 663 3656 dead
675 3621 748 3667 man,
762 3607 805 3656 de·
826 3624 886 3671 may
903 3610 983 3672 gnide
1003 3609 1065 3673 me,’
1085 3611 1140 3672 i.e.,
1158 3625 1213 3673 you
1229 3611 1279 3660 ask
1296 3611 1341 3660 ior

292 3681 391 3732 livered
413 3697 430 3731 a
452 3682 548 3746 eulogy
568 3681 706 3745 (laudatio
722 3683 805 3743 fuae·
825 3697 869 3746 my
883 3692 952 3746 vote,
967 3685 980 3733 1
998 3699 1123 3747 suppose,
1137 3699 1167 3736 as
1183 3699 1199 3734 a
1216 3685 1293 3736 iavor
1310 3691 1341 3736 to

292 3758 357 3818 brist
382 3759 451 3808 irom
475 3761 521 3810 the
541 3765 635 3810 rostra.
681 3760 806 3821 potissi-
825 3774 868 3810 me
880 3767 929 3810 not
940 3767 971 3810 to
983 3761 1049 3823 you!
1270 3751 1273 3757 ’

291 3847 382 3895 mum.
392 3834 568 3890 ‘ratberthan
580 3835 802 3904 snyvhereelsa’
857 3836 902 3895 ti,
920 3837 978 3894 aba
989 3840 1034 3887 te:
1052 3852 1096 3892 see
1108 3852 1145 3895 ou
1157 3839 1180 3896 1,
1193 3837 1238 3896 27..
1252 3839 1291 3896 11,
