2954 4374
450 257 452 262 ·
536 231 615 290 oar.
643 233 729 297 11-1‘2,
754 231 768 298 s
792 232 879 286 ress.
1205 215 1268 289 stt

172 434 291 489 rerum,
315 433 398 498 ques
423 433 484 496 ego
508 411 605 495 gessi,
631 431 697 472 non
726 407 840 472 eadem
872 415 923 470 est
953 405 1091 470 fortuna
1113 413 1215 490 atque

171 517 321 582 condicio
337 536 423 599 quae
441 515 585 586 illorum,
600 514 659 596 qui
675 521 815 576 externa
829 510 915 574 bella
925 519 1113 594 gesserunt,
1125 510 1216 595 quod

172 621 251 683 milii
281 641 357 683 oum
381 619 421 682 iis
447 616 630 681 vivendum
655 623 715 690 est,
741 637 826 699 quos
851 615 977 678 viciae
1004 613 1132 698 subegi,
1164 614 1215 678 illi

171 724 281 787 hostes
297 730 357 786 ant
368 719 561 786 interfectos
572 728 631 783 aut
646 740 820 803 oppressos
833 718 1053 802 reliquerunt,
1066 724 1217 782 vestrum
1253 735 1268 781 t

170 835 230 902 est,
249 826 406 905 Quirites,
424 825 451 888 si
468 825 588 888 ceteris
605 823 693 887 iacta
705 845 766 887 sua
778 827 1031 906 recteprosunt,
1045 821 1126 885 mihi
1143 844 1215 886 mea

170 952 211 996 ne
237 928 371 1014 quando
393 928 514 1003 obsint,
542 925 726 1011 providere.
775 926 906 990 Mentes
931 927 1019 990 enim
1043 925 1215 990 hominum

168 1033 464 1098 audacissimorum
480 1032 659 1096 sceleratae
683 1052 720 1094 ao
745 1029 890 1094 nefariae
917 1051 958 1093 ne
982 1029 1072 1094 vobis
1097 1052 1214 1096 nocere

169 1145 315 1224 possent,
346 1159 408 1223 ego
439 1136 580 1222 providi,
613 1157 653 1199 ne
686 1135 765 1198 mihi
797 1143 949 1208 noceant,
981 1142 1131 1199 vestrum
1165 1145 1216 1200 est

169 1241 353 1327 providere.
415 1240 639 1324 Quamquam,
673 1239 833 1318 Quirites,
865 1239 946 1302 mihi
977 1238 1114 1324 quidem
1154 1241 1216 1324 ipsi
1240 1257 1268 1300 10

168 1346 252 1410 nihil
275 1345 316 1410 ab
345 1346 418 1410 istis
450 1346 514 1408 iam
543 1345 653 1412 noceri
687 1351 807 1427 potest.
855 1341 1016 1428 Magnum
1049 1343 1136 1407 enim
1164 1351 1216 1408 est

153 1451 204 1522 ,in
232 1450 326 1514 bonis
357 1448 570 1534 praesidium,
604 1447 695 1532 quod
728 1447 817 1527 milri!
839 1448 876 1510 iu
906 1455 1105 1531 perpetuum
1130 1469 1215 1511 oom-

169 1560 320 1639 paratum
344 1561 405 1630 est,
430 1574 550 1639 magna
578 1553 611 1615 in
639 1573 674 1616 re
706 1551 841 1637 publica
871 1550 1028 1637 dignitas,
1053 1573 1138 1635 quae
1163 1573 1214 1616 me

168 1679 298 1742 semper
312 1658 416 1721 tacita
439 1655 608 1731 defendet,
633 1677 755 1741 magna
780 1657 828 1719 vis
852 1656 1086 1730 conscientiae,
1111 1678 1209 1739 quam

169 1763 228 1846 qui
252 1762 446 1847 neglegunt,
470 1781 547 1824 eum
572 1781 622 1824 me
648 1761 771 1824 violare
796 1760 922 1834 volent,
946 1781 981 1824 se
1005 1759 1067 1843 ipsi
1093 1759 1216 1824 indica·
1239 1777 1266 1822 ic

168 1863 262 1929 bunt.
308 1865 370 1928 Est
386 1866 474 1928 enim
500 1865 533 1927 in
558 1863 652 1927 nobis
677 1865 704 1927 is
726 1865 868 1938 animus,
897 1862 1059 1942 Quirites,
1089 1871 1128 1927 ut
1150 1869 1266 1932 non28

168 1969 266 2032 modo
289 1968 416 2031 nullius
444 1967 601 2031 audaciae
629 1966 796 2042 cedamus,
821 1966 879 2030 sed
908 1967 1007 2030 etiam
1035 1968 1142 2031 omnis
1167 1969 1214 2030 in-

167 2071 286 2155 probos
318 2072 407 2135 ultro
438 2093 567 2154 semper
597 2072 807 2135 lacessamus.
857 2069 984 2149 Quodsi
1019 2072 1126 2136 omnis
1156 2073 1214 2136 im-

167 2183 266 2259 petus
293 2175 548 2239 domesticorum
580 2174 726 2238 hostium
757 2174 918 2258 depulsus
949 2196 968 2237 a
999 2174 1093 2239 vobis
1115 2197 1150 2240 se
1178 2179 1212 2239 in

167 2301 219 2344 me
250 2301 355 2343 unum
385 2279 598 2354 convorterit,
623 2278 717 2343 vobis
744 2279 808 2343 erit
832 2277 1025 2354 videndum,
1051 2278 1212 2358 Quirites,
1236 2297 1266 2343 20

198 2442 224 2492 3.
251 2443 405 2500 condicio,
433 2457 463 2493 es
490 2446 519 2492 in
547 2443 561 2505 ᾗ
588 2445 612 2494 2.
638 2445 675 2493 10.
701 2442 839 2493 howused
859 2443 886 2492 in
905 2444 951 2492 the
969 2444 1097 2505 passive?
1129 2443 1214 2506 Mag-

166 2531 252 2580 quae,
274 2520 347 2568 ‘ssz'
378 2533 413 2569 sc.
442 2519 561 2580 fortuna
595 2523 677 2582 atque
701 2531 775 2567 num
792 2555 797 2566 .
815 2555 820 2566 .
838 2555 843 2566 .
861 2519 1057 2582 praesidium.
1088 2519 1215 2570 ‘'l'hede-

167 2596 299 2645 condicto.
702 2595 779 2644 ience
802 2596 831 2644 of
859 2595 927 2657 ioyai
957 2609 1018 2644 men
1049 2603 1144 2646 counts
1172 2598 1215 2647 ior

198 2669 258 2727 5,6.
275 2673 485 2720 vestrumest:
498 2671 674 2731 cttaumest,
700 2670 801 2732 much,’
820 2687 850 2722 so
873 2686 973 2731 maora
996 2675 1035 2722 eat
1056 2672 1154 2722 below:
1176 2674 1211 2723 ci.

166 2746 235 2796 Mur.
246 2745 291 2796 83.
300 2746 340 2797 27.
366 2758 424 2795 sue
436 2748 520 2796 refers
531 2751 559 2796 to
569 2749 674 2808 ceteris,
701 2749 769 2798 Mur.
784 2746 828 2795 53.
843 2748 879 2796 14.
915 2747 1015 2804 bonis,
1027 2762 1057 2798 es
1071 2749 1098 2796 in
1114 2750 1135 2797 1.
1149 2749 1175 2797 1.
1187 2750 1210 2798 5.

165 2823 255 2872 which
276 2823 298 2872 is
315 2824 361 2873 the
384 2823 488 2886 logical,
508 2825 611 2885 though
628 2831 676 2873 not
731 2824 902 2882 14,15.vts
920 2825 1141 2882 eonscientiae,
1157 2827 1211 2887 i.e.,

165 2901 212 2948 the
220 2900 402 2962 grammatical
410 2901 526 2962 subject:
540 2901 577 2948 ‘ii
586 2901 676 2950 others
701 2901 747 2950 the
762 2902 840 2950 iuner
851 2902 1054 2950 consciousness
1065 2915 1096 2950 or
1107 2903 1213 2951 convio-

164 2989 210 3025 are
226 2975 367 3036 benefited‚
380 2990 410 3026 as
427 2977 449 3024 is
467 2977 546 3040 right,
560 2977 594 3038 by
607 2977 677 3025 their
700 2977 757 3025 tion
776 2979 835 3026 that
853 2976 945 3026 Cicero
963 2977 1015 3026 had
1035 2976 1115 3039 mally
1131 2978 1213 3028 saved

164 3050 263 3100 deeds.’
299 3052 332 3100 A.
356 3053 402 3101 196
423 3067 456 3114 c,·
479 3053 511 3102 G.
536 3053 583 3101 295
604 3053 627 3100 R
649 3055 675 3114 1;
700 3054 746 3103 the
774 3060 852 3103 state.
904 3066 996 3114 quam
1021 3054 1114 3114 qui:
1130 3058 1164 3112 ct,
1188 3056 1213 3104 si

165 3127 201 3176 H.
231 3127 287 3176 449.
312 3129 340 3187 3;
357 3125 389 3178 Β,
418 3127 468 3178 244
496 3127 520 3176 4.
589 3131 675 3177 recte
700 3131 748 3191 qut
765 3143 843 3191 eam;
865 3130 907 3178 ior
924 3132 1050 3190 qut=si
1073 3130 1210 3192 quiesci.

166 3203 206 3263 (=
216 3204 321 3265 merito)
336 3205 357 3254 ls
369 3205 528 3254 introduced
540 3205 675 3268 expressly
700 3207 735 3254 ll.
755 3207 851 3254 2226.
903 3205 1212 3267 remansurorum

164 3285 192 3330 to
203 3281 277 3330 show
290 3281 350 3329 thet
365 3281 400 3330 lie
411 3282 460 3330 has
478 3296 514 3329 no
530 3281 630 3342 feeling
646 3283 675 3330 of
699 3283 745 3331 the
757 3281 890 3331 intensive
902 3296 945 3330 see
957 3297 992 3330 on
1007 3282 1027 3330 l.
1042 3281 1088 3330 19.
1101 3283 1123 3330 3.

164 3357 374 3419 envyiorthem.
409 3356 568 3405 mihimea.
593 3357 673 3406 Latin
730 3357 794 3415 528.
813 3357 915 3406 16-18.
932 3357 967 3415 is,
982 3373 1011 3407 ss
1029 3360 1055 3406 in
1076 3359 1096 3407 1.
1111 3359 1156 3406 22.
1171 3360 1208 3408 12.

164 3433 266 3482 writers
283 3432 352 3482 have
372 3447 388 3482 a
406 3433 536 3482 fondness
556 3434 598 3484 ior
615 3441 675 3496 put·
697 3433 863 3495 inprobos:
881 3448 925 3482 see
943 3434 1080 3482 onI.1.5
1098 3435 1130 3482 aii
1150 3433 1211 3496 fin.;

164 3510 223 3572 ting
243 3509 366 3571 together
388 3509 514 3558 different
537 3524 674 3572 pronouns
697 3511 791 3573 gives
811 3525 951 3572 synonym.
987 3510 1077 3567 ultro,
1097 3511 1211 3573 ‘unpro-

163 3585 326 3635 ordifferent
336 3587 420 3635 forins
430 3587 458 3634 oi
471 3586 517 3635 the
529 3600 602 3635 same
615 3601 674 3649 pro·
700 3587 814 3636 voked:'
829 3587 863 3636 cf.
877 3587 938 3644 §22
949 3585 987 3634 33.
1024 3585 1157 3644 Quodsi:
1172 3587 1208 3636 of.

163 3674 251 3710 noun:
268 3677 312 3711 see
325 3662 351 3710 ll.
368 3663 404 3710 14.
421 3664 458 3710 15.
698 3664 767 3713 Mur.
782 3663 828 3712 40.
839 3663 878 3712 23.

194 3735 297 3794 11,12.
314 3735 397 3794 nihil,
425 3751 455 3787 es
485 3737 514 3786 in
542 3738 564 3786 1.
593 3738 619 3786 1.
647 3739 669 3788 3.
729 3740 774 3789 20.
792 3740 869 3789 erit
896 3738 1082 3797 videndum
1111 3740 1165 3800 i.e.,
1189 3740 1211 3789 if

163 3813 282 3866 noceri:
317 3813 488 3865 intransitive
515 3815 593 3865 verbs
628 3829 673 3866 are
697 3815 760 3880 they
777 3815 899 3868 deserted
916 3815 982 3880 him,
1002 3830 1038 3867 no
1057 3829 1109 3866 oue
1121 3815 1210 3870 would
