2876 4378
254 308 319 372 612
517 319 589 368 rao
612 319 642 368 r.
668 317 787 366 Arrio
811 317 956 366 rneovn
979 315 1126 366 orario.

269 503 296 554 o'
308 495 414 568 timet,
432 513 483 566 ne,
501 511 576 554 cum
594 488 724 573 plebem
742 487 935 552 muneribus
952 488 1101 572 placarit,
1119 509 1178 552 vos
1195 509 1272 552 non
1291 510 1372 552 con·

256 603 295 664 96
311 597 433 662 ciliarit
456 593 582 658 meritis
606 594 641 655 in
658 615 727 656 rem
743 591 910 676 publicam
926 590 1163 678 singularibus.
1212 591 1370 658 Senatus

309 723 387 786 erga
409 721 444 764 se
468 697 729 763 benivolentiam
753 695 958 780 temporibus
983 695 1035 788 his
1060 697 1139 781 ipsis
1161 718 1265 782 saepe
1294 720 1370 763 esse

294 811 524 889 perspectam,
543 809 670 865 vestras
694 823 774 865 vero
797 807 832 864 et
855 808 1044 864 vestrorum
1068 801 1225 865 ordinum
1247 824 1372 866 occur-

308 909 464 982 sationes,
478 905 600 980 studia,
613 926 792 980 sermones,
806 927 1053 989 quemcumque
1067 928 1202 970 cursum
1221 907 1372 970 fortuna

310 1012 449 1087 dederit,
480 1033 515 1075 se
554 1032 666 1074 secum
704 1008 895 1074 ablaturum
934 1031 1005 1074 esse
1045 1010 1137 1074 dicit.
1199 1010 1370 1086 Meminit

258 1130 285 1174 15
308 1114 409 1176 etiam
421 1111 483 1174 sibi
496 1132 610 1176 vocem
627 1111 799 1194 praeconis
815 1109 913 1174 modo
930 1109 1087 1186 defuisse,
1102 1133 1203 1194 quam
1223 1113 1369 1190 minima

311 1213 516 1287 desiderarit,
534 1211 650 1295 populi
674 1231 753 1274 vero
777 1211 909 1274 cunctis
934 1210 1114 1297 suffragiis,
1136 1211 1228 1294 quod
1252 1233 1369 1276 unum

311 1317 463 1401 cupierit,
495 1337 529 1378 se
562 1314 732 1378 consulem
764 1313 988 1390 declaratum3
1025 1337 1112 1379 nunc
1144 1315 1312 1400 denique,
1342 1319 1368 1384 si

311 1421 391 1486 haec
415 1427 530 1484 contra
553 1441 588 1482 se
612 1419 681 1482 sint
703 1417 829 1495 futura,
854 1419 918 1484 sibi
941 1419 1098 1484 facinoris
1122 1421 1370 1502 suspicionem,

258 1531 298 1592 97
314 1548 379 1589 non
397 1523 479 1588 facti
495 1525 619 1587 crimen
644 1522 785 1587 obstare.
831 1523 941 1586 Addit
963 1524 1054 1600 haec,
1072 1545 1157 1608 quae
1174 1531 1266 1589 certe
1287 1549 1371 1593 vera
1397 1545 1401 1560 ·

259 1638 399 1704 rosum,
424 1629 520 1704 fortis
544 1635 582 1708 et
608 1629 768 1712 sapientis
798 1629 886 1692 viros
910 1650 978 1693 non
1001 1637 1071 1694 tam
1094 1630 1240 1713 praemia
1265 1634 1371 1715 sequi

311 1734 418 1798 solere
442 1739 529 1796 recte
553 1731 719 1796 factorum
744 1754 846 1816 quam
869 1735 940 1817 ipsa
963 1741 1052 1806 reete
1076 1733 1186 1807 faota3
1215 1755 1251 1798 se
1280 1735 1372 1798 nihil

312 1837 348 1900 in
377 1837 447 1900 vita
471 1835 535 1898 nisi
565 1835 824 1918 praeclarissime
852 1835 981 1912 iecisse,
1011 1835 1178 1920 siquidem
1205 1837 1299 1900 nihil
1326 1840 1372 1906 sit

299 1941 547 2027 praestabilius
583 1941 655 2005 viro
697 1961 798 2024 quam
837 1942 992 2024 periculis
1030 1942 1171 2025 patriam
1209 1940 1372 2010 liberare.

314 2047 436 2110 Beatos
459 2066 541 2120 esse,
559 2043 683 2128 quibus
701 2065 739 2120 ea
762 2065 813 2108 res
838 2045 956 2108 honori
979 2045 1085 2110 fuerit
1099 2068 1118 2109 a
1133 2047 1202 2109 suis
1220 2046 1372 2122 civibus

159 2156 162 2161 '
261 2167 291 2212 25
313 2157 508 2214 nontamen
538 2169 593 2211 eos
618 2148 766 2223 miseros
790 2149 850 2232 qui
873 2148 1033 2212 beneficio
1063 2150 1152 2214 cives
1176 2171 1254 2214 suos
1283 2151 1373 2214 vice

315 2254 392 2316 rint.
439 2250 506 2315 Sed
523 2258 632 2313 tamen
651 2272 693 2314 ex
714 2251 866 2315 omuibus
891 2253 1047 2336 praemiis
1065 2253 1212 2328 virtutis,
1230 2254 1259 2316 si
1279 2262 1375 2318 esset

316 2354 466 2420 habenda
482 2353 566 2438 ratio
582 2353 813 2438 praemiorum,
831 2355 1073 2438 amplissimum
1090 2378 1161 2420 esse
1178 2358 1375 2440 praemium

313 2460 475 2545 gloriam3
499 2477 570 2520 esse
588 2457 672 2520 hanc
690 2478 801 2534 unam,
819 2479 905 2542 quae
929 2458 1126 2523 brevitatem
1149 2461 1240 2524 vitae
1258 2469 1376 2544 poste

319 2562 427 2625 ritatis
445 2561 602 2624 memoria
617 2561 854 2638 consolaretur,
874 2583 960 2646 quae
982 2561 1137 2639 efficeret,
1155 2569 1195 2626 ut
1209 2563 1376 2630 absentes

265 2685 295 2729 so
317 2665 518 2740 adessemus,
533 2665 656 2728 mortui
670 2666 868 2730 viveremus.
903 2665 1000 2730 Hane
1013 2666 1158 2750 denique
1171 2689 1254 2742 esse,
1270 2670 1375 2734 ouius

319 2768 478 2856 gradibus
491 2769 591 2832 etiam
607 2769 641 2848 in
654 2768 784 2832 eaelum
800 2769 950 2834 homines
968 2769 1164 2836 viderentur
1176 2771 1375 2838 ascendere.

267 2878 306 2940 98
324 2873 393 2937 ‘De
426 2870 498 2944 me,’
519 2872 648 2956 inquit,
679 2881 827 2956 ‘semper
853 2874 999 2958 populus
1029 2875 1210 2948 Romanus,
1234 2896 1377 2962 semper

321 2997 435 3040 omnes
465 2983 582 3062 gentes
620 2975 811 3059 loquentur,
842 2978 937 3041 nulla
967 3000 1128 3062 umquam
1159 2978 1377 3047 obmutescet

321 3088 483 3146 vetustas·
531 3078 622 3158 Quin
646 3079 707 3143 hoo
732 3086 880 3164 tempore
905 3081 987 3166 ipso,
1005 3104 1081 3146 oum
1105 3104 1219 3148 omnes
1243 3105 1263 3146 a
1290 3088 1375 3151 meis

268 3204 298 3249 35
322 3183 464 3247 inimicis
488 3182 578 3246 iaces
605 3181 751 3245 invidiae
779 3205 869 3248 meae
896 3185 1115 3262 subiciantur,
1140 3194 1253 3250 tamen
1279 3193 1376 3258 omni

321 3386 400 3444 spent
429 3380 504 3429 three
532 3378 833 3429 fortunes-inherited
856 3381 948 3431 before
970 3383 1017 3431 the
1040 3384 1135 3445 voting
1157 3397 1211 3433 was
1242 3385 1377 3438 finislred:

322 3457 391 3506 from
431 3457 474 3504 his
514 3455 612 3516 father,
648 3455 832 3517 grandfather,
857 3459 1102 3525 see0n§§25.35;
1121 3461 1213 3509 2419.

323 3535 376 3584 and
416 3534 611 3584 mother-ou
651 3547 742 3596 gemes
780 3534 834 3583 and
889 3533 953 3591 197.
973 3534 1074 3584 21-30.
1092 3539 1178 3584 recte
1196 3535 1377 3590 factorum:

324 3611 420 3662 shows.
857 3611 900 3660 for
912 3611 958 3660 the
970 3612 1070 3660 adverb
1078 3612 1112 3660 cf.
1124 3613 1173 3674 Ep.
1184 3613 1266 3663 XVI.
1281 3615 1310 3664 9.
1320 3620 1376 3668 116.

356 3687 420 3744 §tlh
446 3687 492 3735 15.
518 3699 631 3736 vocem
653 3687 835 3748 praeconis:
857 3685 1002 3735 habenda
1012 3687 1100 3744 ratio.
1115 3688 1246 3738 ‘account
1258 3694 1379 3743 mustho

325 3778 368 3814 see
380 3779 416 3814 on
428 3765 498 3814 Mur.
517 3763 543 3812 1.
555 3764 579 3813 3.
616 3765 649 3813 In
668 3763 759 3814 Milo’s
776 3777 836 3813 case
858 3763 960 3814 taken'
1002 3764 1149 3814 absentee
1175 3799 1180 3811 .
1205 3769 1380 3820 ..vivere-

326 3840 373 3892 the
385 3839 498 3892 election
510 3840 564 3892 had
583 3839 649 3891 been
669 3840 835 3906 inter-rupted
859 3852 940 3890 mua:
960 3842 1032 3890 what
1044 3841 1150 3910 figure?
