2936 4376
226 277 291 346 344
493 310 496 318 ·
564 293 636 343 rao
658 292 689 343 Ρ.
714 290 836 344 sunta
859 291 1007 343 onnrro.

276 461 522 550 turpitudinem
537 465 571 527 in
588 464 726 528 summis
743 464 815 528 eius
835 463 993 548 periculis
1018 486 1084 527 non
1108 460 1324 547 insequeban-

276 578 341 634 tur.
388 568 480 648 Quin
496 569 596 633 etiam
612 589 733 653 parens
756 576 846 644 tuus,
865 567 1046 652 Torquate,
1064 568 1182 632 consul
1205 590 1260 631 reo
1283 567 1323 631 de

275 674 426 759 pecuniis
453 671 648 757 repetundis
673 671 839 737 'Catilinae
865 671 931 735 fnit
957 671 1152 747 advocatus
1176 671 1324 756 improbo

274 779 411 853 homini,
428 785 463 841 at
478 776 633 860 supplici,
651 775 792 842 fortasse
808 775 937 851 audaci,
954 775 1185 860 utaliquando
1209 776 1323 839 amice.

223 900 252 946 2ο
275 883 340 946 Cui
357 904 432 946 oum
449 881 561 944 adfuit
580 887 656 965 post
673 879 818 945 delatam
834 880 877 959 ad
893 901 970 944 eum
986 881 1127 964 primam
1143 881 1235 943 illam
1251 901 1320 944 con-

274 987 483 1061 iurationem,
501 985 666 1049 indicavit
680 1006 716 1048 se
732 984 866 1048 audisse
889 983 1028 1068 aliquid,
1042 1006 1109 1048 non
1132 983 1321 1074 credidisse.

278 1092 349 1154 ‘At
377 1089 466 1154 idem
497 1110 563 1152 non
593 1087 706 1152 adfuit
733 1089 799 1152 alio
828 1089 862 1151 in
892 1087 1026 1164 iudicio,
1057 1109 1134 1152 cum
1169 1088 1326 1154 adessent

274 1192 397 1258 ceteri?
443 1191 478 1256 Si
495 1199 612 1277 postea
627 1199 788 1278 cognorat
805 1193 874 1275 ipse
892 1191 1031 1275 aliquid,
1048 1191 1139 1276 quod
1158 1193 1194 1256 in
1209 1213 1323 1256 consu-

204 1279 207 1286 *
273 1299 346 1362 latu
373 1298 567 1383 ignorasset,
592 1295 834 1382 ignoscendum
861 1304 913 1360 est
940 1296 991 1372 iis,
1014 1297 1074 1380 qui
1096 1303 1212 1381 postea
1238 1296 1321 1360 nihil

222 1417 251 1462 aa
273 1400 473 1474 audierunt3
498 1401 549 1464 sin
576 1400 641 1488 illa¹
663 1420 714 1463 res
745 1399 852 1484 prima
883 1399 1001 1474 valuit,
1026 1420 1107 1462 num
1137 1401 1321 1466 inveterata

273 1527 373 1590 quam
390 1525 504 1569 recens
521 1503 639 1568 debuit
655 1525 725 1568 esse
749 1503 908 1589 gravior?
955 1502 1023 1568 Sed
1045 1505 1074 1568 si
1097 1511 1178 1569 tuus
1204 1525 1324 1589 parens

195 1680 196 1688 χ
273 1611 373 1674 etiam
390 1609 424 1672 in
441 1609 513 1692 ipsa
528 1608 717 1690 suspicione
746 1608 886 1692 periculi
910 1609 963 1672 sui
979 1615 1090 1672 tamen
1115 1609 1323 1674 humanitate

227 1765 230 1769 .
273 1713 439 1778 adductus
483 1711 737 1776 advocationem
783 1712 926 1777 hominis
965 1712 1200 1797 improbissimi
1241 1713 1321 1777 sella

273 1817 380 1882 curuli
399 1824 500 1900 atque
523 1817 726 1880 ornamentis
749 1825 784 1880 et
805 1817 875 1880 suis
898 1825 933 1881 et
954 1817 1149 1882 consulatus
1164 1817 1322 1881 honesta·

221 1938 250 1982 ao
272 1923 331 1996 vit,
357 1919 440 2005 quid
466 1926 527 1996 est,
552 1940 653 2004 quam
681 1919 723 1983 ob
754 1941 823 1984 rem
854 1921 1056 1998 consulares,
1074 1921 1132 2004 qui
1157 1920 1322 1986 Catilinae

221 2025 464 2099 82adfuerunt,
496 2022 807 2118 reprehendantur?
853 2024 925 2087 ‘At
955 2024 1042 2088 idem
1073 2026 1126 2100 iis,
1155 2025 1212 2108 qui
1243 2032 1323 2089 ante

272 2131 360 2194 hunc
377 2150 510 2194 causam
526 2127 567 2192 de
583 2129 813 2193 coniuratione
839 2129 1009 2205 dixerunt,
1026 2151 1093 2193 non
1116 2128 1322 2194 adfuerunt)

273 2235 383 2298 Tanto
405 2235 528 2298 scelere
552 2234 697 2298 astrictis
719 2233 909 2298 hominibus
934 2241 1130 2298 statuerunt
1150 2234 1235 2298 nihil
1251 2255 1270 2298 a
1286 2256 1321 2299 se

270 2338 464 2414 adiumenti,
475 2337 560 2400 nihil
577 2338 658 2422 opis,
672 2337 756 2400 nihil
772 2339 889 2401 auxilii
907 2338 985 2402 ferri
1001 2346 1163 2423 oportere.
1202 2338 1321 2424 Atque

219 2458 247 2503 35
271 2452 310 2508 ut
332 2441 372 2507 de
395 2464 509 2507 eorum
532 2443 719 2506 constantia
741 2449 843 2526 atque
865 2425 978 2506 'animo
1000 2444 1036 2506 in
1060 2465 1130 2508 rem
1152 2443 1323 2528 publicam

271 2546 388 2623 dicam,
406 2568 548 2631 quorum
570 2547 672 2610 tacita
695 2548 843 2632 gravitas
866 2554 902 2611 et
923 2546 1006 2612 fides
1028 2546 1069 2612 de
1092 2568 1161 2611 uno
1183 2568 1320 2631 quoque

301 2769 347 2827 19.
358 2769 404 2820 20.
427 2769 604 2830 aliquando,
622 2768 782 2831 ‘formerly-³
806 2771 878 2832 gnie.
914 2773 946 2818 et
957 2770 1031 2826 suis,
1043 2783 1073 2819 as
1084 2775 1194 2820 senator
1204 2769 1258 2819 and
1273 2783 1322 2832 pa·

269 2859 354 2897 eum:
365 2847 409 2896 for
420 2847 466 2895 the
475 2847 686 2896 demonstrative
696 2847 785 2896 where
806 2847 910 2896 tricien.

270 2938 309 2972 we
333 2923 429 2972 should
452 2928 547 2984 expect
574 2923 622 2971 the
650 2920 783 2984 reflexive,
838 2920 1019 2983 §saal-3⁷.
1037 2923 1083 2970 At
1094 2922 1186 2982 idem,
1197 2927 1263 2973 etc:
1277 2922 1321 2973 for

269 3001 304 3048 cl.
320 2999 395 3048 Caes.
411 3000 432 3048 Ι.
446 2998 471 3046 5.
484 2998 549 3059 436.
562 2999 589 3061 3;
602 2997 743 3060 113314.
758 2999 782 3058 3,
806 2998 851 3048 the
871 3000 988 3062 thought
1011 2999 1046 3048 cf.
1071 2999 1085 3060 ᾖ
1105 3000 1128 3048 6.
1164 3000 1319 3062 'l'orquetus

269 3081 319 3126 etc.
354 3075 497 3137 primam:
509 3075 583 3124 what
594 3075 647 3136 adj.
657 3089 711 3124 was
719 3075 783 3124 used
805 3076 859 3125 had
879 3076 993 3138 charged
1014 3076 1062 3125 the
1080 3075 1239 3126 consulares
1250 3076 1319 3126 with

271 3150 431 3212 inim?
495 3145 497 3150 ’
805 3151 1012 3213 inconsistency‚
1036 3151 1090 3201 and
1114 3152 1142 3200 in
1171 3152 1215 3201 his
1242 3152 1318 3215 reply

301 3227 401 3277 21-29.
420 3228 584 3278 audisse
601 3240 665 3277 non
683 3227 784 3278 oredi-
805 3227 899 3277 Cicero
910 3228 1003 3278 dwells
1015 3242 1088 3291 upon
1106 3228 1179 3278 their
1190 3231 1318 3278 coaetan-

270 3305 368 3354 dlsse:
387 3306 428 3354 for
446 3306 513 3353 rhet.
529 3305 570 3366 fig.
589 3305 623 3353 cf.
636 3305 665 3365 ἓξ
683 3306 721 3353 52.
739 3305 783 3365 31;
805 3306 845 3354 tia
864 3303 892 3365 (1.
911 3305 955 3365 353
970 3307 1179 3365 constantiores,
1193 3305 1237 3367 393
1254 3320 1317 3355 con·

269 3382 308 3431 38.
333 3383 377 3440 30;
399 3383 438 3430 22.
463 3381 502 3431 27.
545 3382 591 3429 At
618 3379 717 3428 idem:
745 3381 780 3429 ef.
804 3382 980 3441 sicutissime,
1007 3380 1059 3443 42).
1105 3380 1314 3442 lineatoris,

270 3459 362 3518 Atque
385 3459 465 3517 idem,
488 3458 502 3517 ᾖ
525 3458 564 3505 20.
584 3457 622 3505 29.
657 3455 711 3504 illa
733 3469 782 3504 res
804 3458 817 3517 ξ
840 3457 879 3506 80.
899 3458 923 3506 4.
959 3469 1085 3505 causam
1109 3457 1316 3515 dixerunt.

269 3534 537 3595 prima2uh'quz'd,
567 3531 583 3580 1.
615 3532 654 3581 23.
705 3532 783 3581 sella
806 3533 972 3595 ‘pleeded
1000 3535 1073 3583 their
1101 3533 1194 3596 cases,’
1228 3533 1316 3584 ‘were

270 3603 383 3659 curuli:
413 3611 434 3658 it
458 3611 480 3658 is
503 3610 611 3658 evident
634 3609 705 3657 from
728 3610 782 3657 this
803 3609 920 3672 brought
942 3616 970 3659 to
992 3610 1073 3670 trial,’
1105 3611 1152 3660 the
1180 3610 1315 3660 technical

270 3699 380 3748 passage
401 3687 458 3743 {see
476 3700 511 3734 on
526 3686 540 3747 ξ
556 3687 579 3734 5.
601 3685 641 3746 19)
659 3686 719 3735 that
735 3686 781 3733 the
803 3687 967 3747 expression.
1029 3689 1066 3734 ut
1093 3721 1099 3733 .
1127 3721 1133 3735 .
1162 3721 1168 3734 .
1196 3685 1314 3735 dicam:

269 3763 378 3812 consuls
390 3770 462 3812 went
474 3763 532 3811 into
546 3769 622 3811 court
640 3776 669 3812 as
686 3762 781 3811 laudu—
802 3775 917 3823 purpose
934 3762 964 3810 of
988 3763 1084 3811 what?
1124 3763 1159 3812 cf.
1180 3763 1194 3824 5
1211 3761 1250 3814 27.
1272 3764 1312 3812 21.

270 3844 342 3896 lorea
363 3841 429 3891 with
452 3840 487 3890 all
510 3841 581 3890 their
599 3839 694 3890 official
716 3841 780 3889 insi·
801 3837 939 3886 tacita..
957 3837 1127 3900 .10qultru:
1138 3837 1312 3902 iorrhetdg.
