2936 4376
514 303 593 360 clr.
621 307 658 371 n,
683 305 697 372 a
719 303 806 360 cerr.
1172 289 1235 363 279

140 479 270 558 Italiae,
287 481 327 546 de
352 484 506 546 universa
528 504 563 546 re
586 481 720 567 publica
743 480 911 546 decernite
935 480 1127 568 diligenter,
1143 489 1184 546 ut

139 587 346 662 instituistis
363 608 401 650 ac
417 584 558 650 fortiter.
607 585 749 650 Habetis
772 607 848 652 eum
873 586 1055 661 consulem,
1073 587 1183 671 quiet

138 712 254 778 parere
270 691 391 756 vestris
408 689 550 754 decretis
566 710 633 753 non
649 688 783 755 dubitet
805 697 840 756 et
862 711 910 765 ea,
927 710 1012 774 quae
1039 696 1182 755 statuer-

137 795 206 871 itis,
223 793 335 880 quoad
357 793 459 869 vivet,
476 792 655 858 defendere
680 801 715 858 et
737 815 796 878 per
820 815 854 858 se
879 793 989 878 ipsum
1014 801 1181 878 praestare

137 899 253 984 possit.
1204 912 1235 958 et

169 1087 232 1146 524.
252 1086 354 1137 21-24.
373 1085 648 1149 universarepub-
670 1085 787 1137 consul's
809 1087 914 1150 speech.
949 1098 1005 1148 per
1024 1099 1058 1135 ae
1080 1086 1183 1148 ipsum

139 1163 206 1219 lica,
231 1163 293 1213 ‘the
315 1163 407 1226 public
433 1164 559 1214 interests
582 1179 611 1214 as
633 1165 836 1224 repraestare,
861 1161 929 1212 ‘and
960 1169 1077 1212 warrant
1108 1163 1183 1214 them

136 1239 242 1290 whole!
277 1238 466 1297 instituistis,
484 1241 538 1301 i.e.,
557 1240 649 1291 beiore
673 1239 763 1299 letand
787 1239 855 1301 good
879 1239 921 1288 ior
943 1239 1030 1300 them)
1055 1239 1089 1301 by
1112 1240 1182 1288 him·

136 1315 185 1364 the
201 1316 355 1378 expression
372 1316 402 1365 oi
419 1315 530 1377 opinion
551 1316 585 1378 by
602 1316 648 1364 the
670 1314 746 1376 seli3’
766 1315 813 1364 the
829 1327 902 1364 same
919 1314 1036 1377 thought
1047 1325 1077 1364 as
1093 1314 1122 1363 in
1132 1327 1183 1366 tuo

136 1395 258 1442 senators
280 1403 334 1442 was
356 1390 523 1454 interrupted
546 1391 580 1453 hy
602 1391 648 1440 the
671 1390 764 1453 solius,
778 1390 795 1439 l.
811 1391 848 1440 16.

549 1835 744 1887 EXCURSUS
766 1835 816 1888 lv.

136 1991 256 2033 levum
273 1991 355 2031 FROM
371 1992 432 2032 THE
448 1992 635 2031 conchusron
653 1993 691 2028 OF
707 1993 768 2028 'ffllt
793 1991 916 2030 Dlfflfflt
932 1992 969 2030 To
985 1991 1047 2030 THE
1070 1990 1176 2032 num
1192 1991 1230 2034 0!

602 2071 756 2111 camme.

370 2204 475 2259 [Sallust.
484 2205 541 2256 cap.
550 2205 622 2254 tosa
636 2204 706 2244 oter.
733 2203 795 2245 Text
805 2205 830 2245 oi
843 2203 968 2257 Schmin]

165 2333 212 2386 ⁵5.
231 2336 389 2400 Postquam,
402 2343 433 2388 ut
450 2337 517 2398 dixi,
535 2341 644 2387 senatus
665 2336 709 2384 lta
727 2336 772 2386 ille
790 2339 919 2398 patricius
939 2353 972 2388 ex
991 2343 1071 2401 gente
1084 2338 1204 2388 claris-6

133 2411 162 2460 in
185 2409 297 2461 Catonis
319 2414 484 2462 sententiam
512 2412 642 2472 discessit,
664 2424 741 2460 suma
758 2411 954 2474 Corneliorum,
972 2415 1017 2475 qui
1035 2414 1175 2462 consulare

133 2486 236 2547 consul,
250 2493 391 2550 optumum
403 2488 478 2538 factu
494 2495 569 2537 ratus
581 2501 643 2537 noc·
665 2487 806 2548 imperium
829 2488 931 2537 Romae
954 2489 1094 2549 habuerat,
1118 2490 1175 2551 dig-

132 2566 188 2611 tem
200 2577 270 2626 quae
286 2564 405 2614 instabat
426 2570 594 2626 antecapere,
608 2578 643 2613 ne
663 2575 728 2610 nuru
737 2562 854 2611 moribus
861 2563 1054 2625 factisquesuis
1062 2565 1175 2612 exitium

132 2638 196 2700 quid
204 2652 236 2689 eo
247 2639 334 2702 spatio
344 2645 496 2700 novaretur,
505 2640 640 2699 tresviros,
663 2637 733 2686 vitae
756 2638 867 2686 invenit.
914 2638 955 2686 De
976 2638 1097 2702 ¹Cethego
1115 2641 1175 2687 Sta·

132 2727 200 2776 quae
228 2713 390 2778 supplitium
420 2715 575 2778 postulabat
597 2728 643 2776 pa·
663 2711 722 2761 tilio
756 2711 873 2762 Gabinio
908 2712 1038 2775 Caepario
1078 2714 1173 2762 eodem

103 2789 189 2837 trare
207 2789 294 2852 iubet3
311 2789 368 2852 ipse
379 2789 520 2853 praesidiis
531 2789 642 2851 disposl-
662 2787 742 2835 modo
759 2787 920 2849 supplicium
940 2794 1077 2850 sumptum
1095 2794 1142 2837 est.

133 2863 166 2912 tis
180 2863 328 2914 Lentulum
339 2865 367 2914 in
379 2879 512 2915 carcerem
523 2864 643 2926 deducit3
694 2860 740 2909 56.
760 2861 830 2910 Dum
854 2877 886 2910 ea
909 2863 1008 2912 Rornae
1036 2871 1172 2926 geruntur,

104 2938 202 2987 tidem
216 2938 246 2988 fit
255 2941 350 2989 ceteris
359 2948 557 3004 perpraetores.
593 2940 642 2988 Est
663 2936 780 2986 Catilina
799 2952 833 2986 ex
853 2939 927 2988 omni
948 2939 1033 3000 copia,
1046 2953 1127 3000 quam
1146 2947 1173 2988 et

132 3013 159 3062 in
178 3026 283 3064 carcere
300 3013 383 3076 locus,
396 3016 467 3079 quod
486 3014 641 3066 Tullianum
663 3012 718 3074 ipse
737 3013 884 3061 adduxerat
902 3019 929 3061 et
942 3013 1061 3062 Manlius
1073 3013 1173 3063 habuc·
1215 3023 1219 3028 '

131 3089 289 3150 appellatur,
310 3090 356 3139 ubl
379 3090 518 3152 paululum
538 3104 642 3140 asscen-
662 3093 711 3148 rat,
725 3087 792 3136 diras
805 3087 922 3150 legiones
937 3087 1063 3146 instituit,
1078 3091 1170 3138 cohor·

131 3163 200 3212 deris
212 3163 246 3212 ad
258 3163 371 3225 laevam,
384 3165 489 3214 circiter
501 3165 641 3214 duodecim
662 3163 696 3212 tis
707 3178 756 3225 pro
771 3177 884 3213 nurnero
908 3163 1026 3212 militum
1045 3164 1168 3226 complet.

105 3237 210 3298 rpedea
223 3237 298 3287 humi
311 3240 460 3302 depressus.
496 3240 567 3290 Eum
586 3254 642 3289 mu·
661 3230 774 3300 Deinde,
785 3246 815 3289 ut
824 3241 937 3302 quisque
946 3240 1115 3289 voluntarius
1124 3248 1171 3290 aut
1186 3245 1201 3288 2

132 3313 211 3360 niunt
230 3313 351 3376 undique
370 3315 486 3377 parietes
505 3321 586 3378 atque
602 3317 641 3364 in·
661 3329 694 3363 ex
712 3316 790 3365 sociis
803 3316 830 3364 in
848 3322 935 3365 castra
946 3322 1065 3374 venerat,
1076 3330 1172 3378 aequa-

133 3402 211 3450 super
232 3401 338 3438 camera
360 3389 474 3452 lapideis
495 3391 641 3441 fornicibus
661 3388 722 3438 liter
740 3390 921 3451 distribuerat,
944 3404 975 3439 ac
992 3390 1065 3439 brevi
1084 3391 1171 3452 spatio

133 3468 231 3525 iuncta,
243 3465 289 3515 sed
301 3465 414 3527 incultu,
425 3467 551 3526 tenebris,
561 3468 641 3517 odore
661 3464 778 3527 legiones
796 3480 911 3515 numero
927 3467 1068 3516 hominum
1082 3466 1171 3528 exple·

135 3539 211 3588 foeda
232 3546 313 3602 atque
335 3542 463 3592 terribilis
485 3544 543 3592 eius
559 3543 641 3592 iacies
661 3549 744 3600 verat,
775 3557 835 3592 curn
864 3544 943 3592 initio
971 3556 1026 3593 non
1055 3543 1171 3606 amplius

105 3623 179 3668 test.
216 3618 248 3668 In
261 3632 323 3667 eum
335 3619 425 3670 locum
437 3627 580 3683 postquam
597 3621 641 3670 de·
660 3618 763 3667 duobus
774 3621 882 3670 milibus
891 3621 1036 3670 habuisset.
1072 3620 1124 3669 Sed
1136 3629 1200 3674 ex3

134 3692 229 3742 missus
262 3700 302 3742 est
341 3695 481 3757 Lentulus,
523 3695 641 3744 vindices
660 3694 733 3742 omni
763 3697 839 3758 copia
864 3697 970 3745 circiter
991 3711 1053 3759 pars
1075 3703 1171 3758 qrrarta

134 3781 221 3816 rerum
249 3770 404 3831 capitalium
438 3772 535 3834 quibus
566 3785 640 3834 prae·
660 3775 717 3818 erat
739 3771 898 3820 militaribus
926 3772 1007 3822 armis
1027 3774 1168 3835 instructa,

135 3848 240 3904 ceptum
251 3851 308 3892 erat
317 3845 413 3908 laqueo
424 3847 513 3906 gulam
527 3846 638 3908 fregere.
659 3845 749 3908 ceteri,
764 3852 794 3895 ut
812 3860 945 3909 quemque
962 3861 1039 3898 casus
1051 3861 1170 3900 armave-
