2954 4374
247 323 312 394 182
598 335 670 390 sao
694 335 724 390 n.
749 333 908 391 numm
931 333 1079 388 cnunc.

299 515 418 600 cogita,
436 535 502 576 non
526 513 695 576 nullorum
719 512 900 575 amicorum
924 509 1036 575 studia
1057 511 1162 573 minui
1183 510 1289 574 solere
1311 509 1345 574 in

299 641 364 695 eos,
381 641 401 682 a
413 617 534 703 quibus
550 617 738 700 provincias
754 617 924 680 contemni
941 615 1150 700 intellegant.

248 726 287 787 43
342 739 421 785 xxi.
454 721 500 784 Et
523 721 679 804 quoniam
698 719 840 795 ostendi,
863 715 1001 793 iudiceS,
1019 741 1128 802 parem
1146 719 1345 805 dignitatem

299 826 341 891 ad
357 825 549 890 consulatus
565 825 773 908 petitionem,
790 823 955 908 disparem
980 822 1148 887 fortunam
1165 823 1348 907 provincia·

299 931 382 994 lium
410 931 619 1015 negotiorum
645 930 680 990 in
706 927 849 991 Murena
873 935 975 1012 atque
997 927 1032 990 in
1060 925 1208 1011 Sulpicio
1231 925 1346 1002 fuisse,

300 1035 405 1098 dicam
424 1035 487 1097 iam
506 1033 663 1117 apertius,
680 1033 714 1108 ip
732 1053 799 1116 quo
815 1053 909 1100 meus
926 1031 1130 1096 necessarius
1147 1029 1251 1094 fuerit
1265 1029 1348 1094 infe-

263 1157 277 1199 5
300 1140 374 1214 rior,
392 1137 538 1212 Servius,
556 1144 590 1200 et
604 1158 644 1200 ea
659 1135 766 1199 dicam
782 1135 876 1201 vobis
900 1134 1114 1200 audientibus
1137 1135 1257 1198 amisso
1281 1135 1345 1197 iam

301 1250 459 1326 tempore,
477 1261 562 1326 quae
586 1241 650 1324 ipsi
673 1241 736 1304 soli
760 1262 795 1305 re
820 1241 952 1326 integra
975 1261 1072 1323 saepe
1099 1239 1180 1302 dixi.
1226 1238 1347 1302 Petere

300 1346 511 1410 consulatum
538 1346 663 1410 nescire
689 1353 732 1421 te,
750 1343 856 1420 Servi,
873 1365 1029 1429 persaepe
1056 1343 1117 1407 tibi
1140 1343 1230 1418 dixi3
1254 1349 1289 1406 et
1312 1343 1346 1405 in

300 1452 340 1514 iis
364 1449 462 1514 rebus
488 1450 578 1533 ipsis,
595 1471 679 1534 quas
706 1456 738 1514 te
763 1471 884 1535 magno
909 1455 945 1514 ct
960 1447 1039 1512 forti
1064 1448 1174 1511 animo
1200 1455 1234 1512 et
1249 1467 1346 1533 agere

301 1562 336 1619 et
365 1554 473 1618 dicere
499 1552 662 1629 videbam,
689 1553 750 1617 tibi
781 1553 901 1617 solitus
932 1574 1005 1616 sum
1038 1551 1148 1616 dicere
1181 1551 1286 1638 magis
1313 1559 1345 1615 te

251 1676 278 1720 ro
300 1659 419 1722 fortem
444 1665 669 1743 accusatorem
695 1657 777 1719 milri
803 1656 908 1721 videri
935 1678 1036 1741 quam
1065 1657 1248 1740 sapientem
1273 1675 1347 1718 can-

300 1762 462 1826 didatum.
509 1761 657 1825 Primum
675 1760 853 1825 accusandi
879 1768 1019 1824 terrores
1037 1768 1072 1824 et
1087 1761 1205 1836 minae,
1222 1758 1346 1844 quibus

301 1875 339 1931 tu
370 1865 492 1930 cotidie
525 1866 575 1930 uti
606 1865 744 1941 solebas,
770 1872 851 1929 sunt
876 1863 972 1929 fortis
992 1865 1064 1941 viri,
1090 1863 1149 1928 sed
1172 1873 1206 1928 et
1229 1863 1346 1948 populi

301 1971 491 2056 opinionem
526 1989 545 2032 a
576 1991 635 2053 spe
667 1968 872 2054 adipiscendi
910 1975 1070 2034 avertunt
1100 1975 1135 2032 et
1164 1968 1345 2031 amicorum

300 2075 413 2140 studia
443 2074 630 2138 debilitant.
692 2073 812 2138 Nescio
843 2097 911 2161 quo
941 2073 1039 2160 pacto
1069 2095 1199 2158 semper
1221 2072 1283 2136 hoc
1308 2071 1348 2135 fit

251 2196 278 2240 15
303 2182 431 2264 (neque
456 2179 490 2240 in
516 2200 584 2242 uno
611 2187 670 2242 aut
694 2179 799 2242 altero
825 2179 1095 2244 animadversum
1120 2184 1181 2254 est,
1199 2175 1257 2241 sed
1279 2175 1345 2238 iam

300 2287 335 2349 in
373 2285 555 2372 pluribus),
587 2286 688 2350 simul
726 2293 828 2371 atque
851 2285 1064 2350 vcandidatus
1100 2284 1346 2349 accusationem

301 2390 454 2455 meditari
486 2391 576 2455 visus
608 2399 668 2466 est,
700 2398 739 2454 ut
768 2389 927 2455 honorem
958 2390 1149 2476 desperasse
1181 2387 1346 2453 videatur.

249 2493 393 2573 44Quid
418 2495 520 2581 ergo?
550 2501 720 2579 acceptam
748 2495 903 2558 iniuriam
927 2496 1083 2581 persequi
1109 2515 1176 2558 non
1204 2490 1345 2577 placet?

301 2599 409 2662 lmmo
427 2599 639 2665 vehementer
650 2600 762 2686 placet
771 2622 779 2675 3
804 2599 863 2664 sed
878 2599 971 2663 aliud
987 2609 1118 2684 tempus
1131 2606 1182 2664 est
1197 2593 1344 2682 petendi,

249 2702 393 2768 malind
417 2702 648 2790 persequendi.
696 2702 879 2768 Petitorem
906 2725 977 2790 ego,
1003 2705 1196 2789 praesertim
1229 2721 1346 2766 consu·

301 2808 399 2884 latus,
425 2829 546 2894 magna
571 2829 639 2900 spe,
666 2827 787 2893 magno
818 2809 937 2883 animo,
964 2809 1093 2894 magnis
1124 2807 1227 2892 copiis
1253 2805 1346 2869 etin

332 2955 379 3003 27,
396 2966 459 3003 non
488 2953 650 3010 nullorum,
675 2953 817 3017 especially
834 2954 933 3017 plaints
942 2955 969 3002 in
983 2956 1029 3003 tire
1038 2960 1131 3004 senate
1140 2955 1223 3002 about
1232 2952 1347 3001 electiori

301 3032 377 3081 those
390 3031 451 3080 who
462 3030 516 3079 had
527 3030 615 3092 hoped
628 3030 671 3079 for
682 3030 814 3092 positions
835 3031 973 3094 intr-ignes,
986 3032 1040 3080 and
1054 3032 1097 3080 his
1114 3031 1300 3094 preparatione
1318 3035 1347 3077 to

301 3107 387 3156 under
397 3106 455 3155 him
468 3107 496 3155 in
508 3107 551 3156 his
562 3106 697 3169 province,
706 3106 814 3169 -posi-
835 3108 957 3170 impeach
970 3109 1012 3156 his
1025 3106 1170 3157 successful
1184 3105 1272 3154 rivals,

301 3185 373 3233 tions
391 3182 496 3246 usually
512 3197 576 3246 very
587 3183 733 3245 profitable.
770 3181 812 3232 Oi.
865 3183 911 3231 13.
929 3183 1107 3245 opinionem
1125 3219 1130 3230 .
1146 3219 1152 3230 .
1170 3217 1176 3230 .
1193 3184 1348 3236 avertunt,

301 3274 327 3322 p.
342 3261 380 3321 19,
396 3259 425 3321 §§
438 3260 475 3308 19.
490 3260 533 3322 203
549 3274 576 3323 p.
590 3259 630 3320 69,
645 3259 674 3320 §5
686 3258 727 3318 vl,
741 3258 780 3310 75.
835 3261 889 3321 ie,
902 3261 967 3323 they
977 3261 1041 3309 take
1053 3261 1123 3310 irom
1136 3260 1182 3308 the
1193 3258 1288 3322 people
1300 3258 1348 3306 tire

836 3338 895 3386 idea
906 3337 967 3385 that
979 3339 1089 3386 theone
1101 3337 1162 3385 who
1173 3335 1266 3384 makes
1281 3333 1349 3382 such

333 3412 398 3474 543.
418 3413 443 3462 2.
453 3411 706 3482 provincialium,
722 3412 751 3460 in
768 3412 815 3460 the
835 3415 938 3464 threats
954 3413 1004 3462 hes
1021 3426 1074 3474 any
1092 3413 1162 3474 hope
1179 3411 1209 3461 oi
1224 3411 1268 3460 his
1285 3423 1348 3458 own

302 3503 378 3538 sense
390 3489 419 3539 of
427 3490 570 3551 provincia
582 3490 596 3550 ᾖ
608 3489 647 3538 41.
662 3488 685 3540 i.
729 3503 731 3510 ¹
835 3490 957 3540 election.

334 3565 360 3614 6.
376 3578 410 3614 re
421 3566 546 3626 integra,
559 3564 744 3624 ‘undeoided,'
759 3565 813 3622 i.e.‚
865 3566 911 3614 17.
929 3569 965 3614 ut
981 3601 987 3613 .
1004 3601 1010 3614 .
1027 3601 1033 3613 .
1050 3565 1202 3621 videatur,
1221 3564 1249 3613 in
1266 3576 1350 3626 appo·

303 3641 383 3692 while
399 3643 534 3705 Sulpicius
551 3643 639 3705 might
656 3641 726 3690 have
744 3641 815 3703 prol·
834 3643 915 3691 sition
928 3641 994 3691 with
1005 3643 1065 3704 boe,
1078 3641 1095 3691 l.
1111 3643 1148 3691 14.

303 3719 358 3767 ited
375 3719 403 3767 in
420 3719 464 3768 his
484 3731 596 3767 canvass
614 3718 649 3780 by
666 3718 712 3766 the
729 3731 815 3766 varu—
866 3718 937 3779 §ia
957 3717 1002 3766 21.
1020 3717 1129 3779 copiis,
1152 3716 1216 3766 used
1244 3716 1274 3765 of
1302 3715 1350 3765 the

304 3810 361 3924 mg
377 3873 417 3924 iio
428 3873 522 3924 robus
539 3873 622 3924 refers
639 3877 667 3922 to
684 3872 727 3921 his
745 3885 816 3922 com·
834 3794 1190 3922 {wlseociagppffisnho
1208 3804 1339 3854 mom
