2838 4380
229 297 293 363 370
408 336 412 343 ·
587 310 794 362 nrrsrocnu
818 309 1016 362 suaseras.

281 481 407 568 iudices
445 481 670 559 crediderunt,
708 499 828 559 xm,
860 483 1018 568 quoniam
1055 492 1208 548 nummos
1245 490 1326 548 ante

279 593 491 672 acceperunt,
508 582 569 651 tibi
583 586 668 650 nihil
684 585 930 651 crediderunt.’'
977 586 1110 674 Magnis
1125 587 1326 652 clamoribus

229 695 264 756 11
278 690 422 756 afflictus
438 691 602 756 conticuit
617 698 651 756 et
673 689 829 755 concidit.
875 690 998 756 Noster
1012 700 1126 757 autem
1141 699 1249 756 status
1272 700 1328 757 est

228 796 352 861 rachio:
383 795 474 881 apud
504 794 606 860 bonos
637 794 739 860 iidem
764 815 892 872 sumus,
920 816 1004 880 quos
1029 796 1205 882 reliquisti,
1233 795 1327 882 apud

279 900 409 965 sordem
442 899 532 964 urbis
563 906 599 964 et
628 898 755 963 faecem
785 899 893 964 multo
932 900 1052 965 melius
1091 921 1190 978 nunc,
1222 922 1327 986 quam

279 1005 467 1089 reliquisti3
498 1011 633 1068 namet
658 1002 745 1067 illud
772 1003 867 1068 nobis
895 1025 963 1068 non
989 1003 1094 1082 obest,
1122 1004 1227 1070 videri
1251 1026 1328 1070 nos-

279 1117 369 1173 trum
400 1109 630 1174 testimonium
660 1128 727 1172 uon
758 1108 921 1173 valuisse:
954 1109 1076 1172 missus
1106 1115 1159 1173 est
1186 1110 1326 1194 sanguis

227 1230 270 1276 loo
280 1212 423 1278 invidiae
454 1213 525 1277 sine
556 1211 679 1288 dolore,
711 1218 813 1296 atque
833 1212 953 1284 etiam
990 1211 1053 1276 hcc
1083 1212 1200 1298 magis,
1231 1212 1327 1296 quod

279 1337 392 1380 omnes
409 1315 459 1379 illi
475 1313 624 1379 lautores
641 1314 734 1378 illius
759 1311 879 1400 flagitii
902 1335 972 1378 rem
995 1312 1208 1378 manifestam
1231 1314 1327 1382 illam

278 1417 483 1503 redemptam
499 1438 571 1490 esse
591 1439 610 1482 a
634 1416 801 1481 iudicibus
826 1416 1047 1492 confitentum
1071 1415 1202 1483 accedit
1224 1417 1324 1496 illud,

278 1522 371 1606 quod
394 1522 452 1586 illa
479 1522 680 1586 concionalis
707 1520 828 1586 hirudo
855 1521 983 1597 aerarii,
1007 1521 1127 1588 misera
1149 1543 1187 1587 ac
1210 1522 1327 1588 ieiuna

278 1625 460 1710 plebecula,
490 1648 542 1691 me
573 1625 614 1690 ab
644 1626 706 1690 hoc
738 1625 863 1712 Magno
893 1625 991 1690 unice
1021 1624 1119 1713 diligi
1149 1633 1257 1711 putat,
1289 1635 1328 1692 et

226 1730 411 1796 mehercule
429 1731 535 1795 multa
551 1738 585 1795 et
600 1729 749 1795 iucunda
772 1729 1016 1794 consuetudine
1039 1730 1212 1795 coniuncti
1235 1730 1328 1796 inter

278 1857 337 1899 nos
353 1856 479 1911 sumus,
496 1856 604 1920 usque
620 1857 670 1912 eo,
681 1843 721 1899 ut
736 1835 841 1900 nostri
857 1834 914 1898 isti
930 1834 1159 1901 comissatores
1175 1835 1328 1899 coniura-

278 1939 389 2014 tionis,
405 1938 573 2003 barbatuli
590 1940 739 2014 iuvenes,
760 1938 857 2002 illum
874 1939 908 2001 in
924 1937 1133 2002 sermonibus
1151 1937 1213 2002 Cn.
1231 1938 1329 2004 Cice·

277 2064 391 2107 ronem
427 2043 617 2127 appellent:
660 2043 774 2127 itaque
811 2049 847 2108 et
883 2041 971 2108 ludis
1010 2050 1046 2108 et
1080 2041 1326 2129 gladiatoribus

277 2146 442 2210 mirandas
460 2151 646 2215 ἐπισημασίας
669 2147 741 2212 sine
765 2147 835 2211 ulla
857 2148 1034 2231 pastoricia
1049 2147 1173 2216 ,fistula
1196 2147 1328 2212 aufere-

225 2251 400 2316 1aba1nus.
461 2249 560 2314 Nunc
591 2256 643 2315 est
672 2251 880 2335 exspectatio
918 2252 1138 2328 comitiorum,
1169 2251 1205 2314 in
1235 2261 1326 2336 quae

274 2544 347 2590 runt
369 2555 463 2591 means
485 2542 551 2591 both
576 2541 712 2603 ‘believe'
732 2542 785 2591 and
810 2547 871 2602 etc,
885 2542 1328 2608 ‘thoseclamoringblood-suck-

276 2618 351 2679 ‘give
366 2619 450 2668 credit
468 2618 511 2667 to’
524 2619 552 2666 in
570 2619 616 2668 the
630 2618 786 2668 mercantlle
810 2632 852 2669 ers
865 2622 895 2668 oi
910 2621 958 2670 the
971 2627 1100 2684 treasury‚
1114 2623 1161 2671 the
1177 2620 1324 2682 wretched,

274 2708 359 2744 sense.
810 2697 958 2760 starveling
977 2697 1068 2747 ruobr'
1087 2698 1122 2747 ci.
1150 2712 1177 2761 p.
1191 2698 1232 2759 57,
1253 2699 1268 2759 ἓ
1290 2699 1327 2748 22

304 2771 366 2830 ill.
385 2770 786 2821 157-161.m011as.auv.:
810 2773 844 2822 ad
868 2773 913 2823 1111.
948 2773 1078 2835 Magno:
1102 2788 1146 2824 see
1164 2788 1200 2825 on
1223 2775 1272 2838 Ep.
1296 2775 1321 2825 1.

273 2849 308 2897 ci.
327 2850 376 2908 ate,
394 2848 442 2908 §3-
463 2847 627 2907 caecasse
646 2861 682 2897 on
702 2846 785 2896 1.19.
810 2849 1013 2900 Sanurnrrou.
1038 2851 1323 2902 commentorem.

272 2925 296 2973 8.
331 2927 370 2980 et,
392 2923 492 2984 ‘botta'
507 2926 588 2986 hyan
603 2923 785 2975 anacoluthon
811 2925 848 2974 11.
862 2925 908 2975 10.
920 2927 1007 2977 iai-as.
1043 2926 1213 2976 barbatuli:
1229 2941 1274 2978 see
1285 2942 1325 2978 on

273 2999 376 3050 similar
393 3007 422 3049 to
442 3001 519 3050 those
539 3000 567 3049 irr
583 3001 597 3062 ἓ
611 3001 686 3051 8108
698 3001 717 3050 1.
731 3001 786 3051 and
811 3002 848 3052 11.
870 3002 915 3051 22
940 3003 979 3053 23.
1010 3003 1250 3064 gladiatoribus:
1278 3004 1327 3055 ior

275 3078 320 3126 120
332 3077 351 3125 i.
366 3077 413 3126 the
430 3077 529 3127 second
549 3080 575 3127 et
594 3077 658 3126 does
677 3082 726 3126 not
740 3091 787 3140 ap·
809 3080 932 3131 cassand
944 3081 1073 3144 meaning
1084 3081 1118 3131 ci.
1131 3083 1201 3131 Mur.
1214 3079 1261 3130 67.
1279 3082 1325 3145 11;

272 3166 346 3214 pear,
369 3153 404 3203 its
434 3153 509 3216 place
537 3153 618 3216 being
644 3153 730 3203 taken
751 3154 786 3216 by
810 3156 853 3205 ior·
870 3157 957 3218 origin
973 3158 1003 3207 oi
1020 3158 1067 3207 the
1081 3171 1181 3222 gamos,
1194 3156 1260 3207 Sull.
1274 3157 1324 3207 ⁵4.

273 3229 380 3279 cecedit
388 3229 547 3291 illudendi,
559 3230 576 3280 1.
588 3231 643 3280 162.
671 3230 785 3280 missus
812 3233 848 3285 17.
885 3236 1023 3292 ἐπισημασίας
1046 3232 1326 3297 [episemasias1‘ex-

272 3339 302 3353 ..
319 3340 325 3353 .
345 3305 482 3356 lnvldIae
508 3308 570 3370 ‘my
593 3308 785 3372 unpopularlty
809 3311 944 3370 pressione
960 3310 990 3359 oi
1007 3309 1157 3372 approval‚'
1171 3309 1214 3359 ior
1231 3311 1324 3360 which

273 3381 322 3431 has
337 3381 389 3431 lost
409 3395 482 3431 soma
504 3382 603 3433 blood'
629 3384 673 3434 He
690 3398 784 3434 means
809 3387 843 3434 he
854 3386 999 3436 elsewhere
1011 3401 1071 3436 uses
1083 3385 1325 3448 aiocificctioaes:

272 3456 333 3504 that
352 3457 398 3505 the
415 3463 535 3507 senators
556 3458 625 3507 have
636 3458 692 3514 lost
710 3473 784 3508 some
808 3461 843 3510 ci.
854 3461 903 3524 Ep.
915 3461 936 3510 Ι.
946 3461 972 3510 2.
981 3463 1004 3512 8.
1028 3460 1200 3523 pastoricia
1207 3460 1325 3521 fistula,

272 3532 301 3581 oi
319 3533 390 3582 their
406 3532 528 3596 jealousy
540 3534 570 3584 oi
587 3535 644 3583 him
656 3535 730 3584 since
741 3535 784 3583 his
810 3536 982 3600 ‘shepherd’s
998 3537 1079 3600 pipe‚'
1093 3537 1158 3588 used
1171 3537 1326 3602 scoruiully

272 3610 383 3670 spirited
403 3611 510 3660 attacks
531 3624 604 3673 upon
624 3610 735 3661 Clodius
755 3613 783 3660 in
808 3613 837 3663 oi
853 3614 900 3662 the
912 3614 996 3663 bisses
1008 3614 1038 3663 oi
1048 3619 1209 3675 opponente.

272 3685 344 3735 their
355 3686 454 3737 behali.
489 3695 632 3746 temeto,
648 3687 784 3737 ‘thecase
840 3689 916 3752 §12-
939 3689 1004 3738 170.
1033 3690 1249 3740 comitiorum:
1274 3691 1325 3742 the

272 3776 326 3812 was
337 3762 408 3813 clear
419 3764 473 3813 and
485 3764 531 3813 the
542 3764 638 3826 judges
649 3765 770 3828 bought!
807 3766 932 3815 consular
952 3765 1090 3829 electione,
1105 3767 1237 3830 generally
1256 3767 1325 3821 held

303 3837 445 3894 168-169.
471 3838 546 3894 illa
587 3840 783 3905 condonalis,
808 3840 908 3895 when?
941 3841 992 3893 See
1000 3856 1027 3912 p.
1037 3843 1077 3906 ci,
1091 3843 1156 3912 553.
