2954 4374
235 323 297 387 226
496 333 636 385 enarro
659 332 700 383 nv
722 326 935 383 cnrrnfrvmu
957 328 1104 381 rnurrn.

246 513 511 599 tcomprehensi
542 513 671 605 adme,
699 535 777 576 cum
807 513 872 576 iam
903 511 1132 588 dilucesceret,
1160 509 1332 576 deducun-

284 628 349 685 tur.
397 617 513 703 Atque
538 603 657 681 horum
683 618 832 680 omnium
862 617 1026 680 scelerum
1049 615 1330 700 improbissimum

285 723 555 797 machinatorem,
573 719 745 785 Cimbrum
769 720 960 796 Gabinium,
976 721 1089 785 statim
1107 719 1150 783 ad
1166 741 1218 784 me
1235 720 1332 783 nihil-

285 827 366 892 dum
389 827 615 911 suspicantem
641 826 779 900 vocavi3
811 823 931 889 deinde
956 825 1036 888 item
1069 825 1248 889 accersitus
1278 832 1332 888 est

287 933 323 996 L.
339 931 493 997 Statilius
510 937 545 995 et
560 936 636 1014 post
651 951 727 994 enm
745 928 781 993 O.
800 928 989 1014 Cethegns3
1015 927 1200 992 tardissime
1217 935 1329 992 autem

235 1053 263 1098 10
287 1036 452 1101 Lentulus
478 1035 580 1110 veuit,
597 1032 706 1097 ‘credo
729 1032 821 1117 quod
847 1033 879 1094 in
906 1033 1028 1097 litteris
1056 1030 1174 1095 dandis
1199 1039 1331 1116 practer

256 1138 566 1208 'fccnsuetudinem
582 1138 733 1222 proxima
759 1144 855 1202 nocte
874 1138 1040 1223 vigilaret.
1088 1136 1174 1201 Cum
1191 1137 1329 1200 summis

285 1252 320 1310 et
342 1243 532 1308 clarissimis
562 1242 664 1305 huius
688 1241 834 1305 civitatis
866 1242 956 1318 viris,
981 1242 1040 1326 qui
1064 1240 1180 1305 audita
1203 1262 1237 1305 re
1269 1239 1331 1305 fre-

285 1356 428 1434 quentes
452 1346 495 1411 ad
522 1368 573 1411 me
601 1367 694 1410 mane
720 1354 956 1423 convenerant,
973 1346 1102 1410 litteras
1125 1367 1144 1410 a
1168 1367 1219 1410 me
1236 1345 1329 1430 prius

284 1453 404 1537 aperiri
428 1471 529 1536 quam
554 1449 597 1514 ad
619 1457 775 1515 senatum
804 1449 937 1515 deferri
953 1451 1108 1534 placeret,
1126 1471 1176 1526 ne,
1193 1450 1221 1514 si
1246 1450 1329 1514 nihil

234 1572 262 1618 15
284 1564 373 1621 esset
388 1557 574 1631 inventum,
592 1562 752 1620 temerea
779 1576 829 1620 mc
855 1561 970 1619 tantus
993 1555 1161 1619 tumultus
1186 1554 1330 1620 iniectus

284 1661 414 1725 civitati
453 1659 631 1735 videretur,
663 1660 783 1745 negavi
823 1681 873 1723 me
906 1681 976 1724 esse
1007 1657 1188 1735 facturum,
1220 1666 1259 1724 ut
1289 1659 1330 1724 de

284 1764 433 1850 periculo
449 1763 581 1848 publico
598 1784 665 1827 nou
689 1763 732 1826 ad
756 1760 931 1828 consilium
958 1761 1132 1849 publicum
1156 1784 1226 1828 rem
1250 1764 1332 1828 inte·

284 1890 377 1954 gram
408 1866 583 1932 deferrem.
631 1857 776 1944 Etenim,
805 1868 965 1947 Quirites,
990 1868 1018 1931 si
1043 1889 1091 1944 ea,
1116 1888 1201 1952 quae
1232 1879 1333 1932 crant

284 1972 326 2036 ad
353 1995 404 2037 me
432 1971 553 2049 delata,
579 1980 709 2057 reperta
737 1995 804 2037 non
831 1980 952 2048 essent,
970 1979 1079 2037 taruen
1106 1994 1168 2058 ego
1193 1995 1258 2038 non
1284 1995 1332 2038 ar·

179 2136 183 2143 .
232 2092 262 2137 ao
283 2077 430 2142 bitrabar
467 2078 502 2140 in
541 2078 642 2142 tantis
681 2078 728 2142 rei
768 2077 919 2161 publicae
951 2077 1109 2161 periculis
1140 2098 1211 2142 esse
1250 2076 1331 2141 mihi

284 2182 418 2246 nimiam
457 2181 667 2268 diligentiam
699 2181 1007 2266 pertimescemlam.
1069 2179 1231 2247 Senatum
1269 2179 1333 2248 fre·

314 2424 340 2473 5.
357 2424 578 2474 dilucesceret:
596 2425 630 2474 cf.
646 2425 694 2486 §5-
708 2424 747 2473 31.
818 2438 900 2486 qnam
913 2424 1000 2474 would
1013 2426 1078 2474 here
1090 2425 1195 2488 require
1207 2426 1253 2476 the
1270 2427 1332 2476 sub

314 2500 339 2558 ⁷,
350 2499 376 2548 a
394 2499 552 2549 Cimbrum
575 2497 748 2547 Gabiniu
757 2510 794 2555 m,
816 2502 936 2562 junctfve
949 2500 1131 2564 (deferrentur
1142 2517 1173 2552 or
1183 2505 1270 2554 active
1287 2505 1332 2554 de-

282 2582 345 2627 etc:
366 2591 403 2627 on
420 2577 494 2625 these
515 2589 626 2638 persons
648 2588 691 2624 see
711 2589 736 2636 p.
753 2575 793 2633 33,
818 2577 946 2639 ferrem),
960 2579 1009 2628 but
1026 2580 1180 2629 sometimes
1197 2581 1243 2630 the
1260 2594 1333 2630 com·

282 2655 346 2716 §tta
372 2653 501 2701 vocavi:
520 2653 566 2701 tire
578 2652 673 2700 consul
685 2651 739 2699 had
748 2652 795 2700 the
817 2655 937 2716 parative
949 2655 1009 2705 idea
1025 2656 1141 2719 prevails
1157 2657 1211 2706 and
1229 2657 1275 2706 the
1292 2658 1333 2707 in-

282 2730 354 2792 right
367 2733 396 2778 to
413 2741 539 2777 summon
559 2725 613 2784 (tus
630 2728 793 2786 vocationis)
819 2729 922 2780 finitive
934 2730 1047 2793 follows,
1057 2746 1086 2782 as
1098 2733 1170 2782 here.
1201 2732 1234 2782 A.
1249 2733 1296 2794 336
1306 2748 1328 2784 c.

282 2807 393 2855 citizens
421 2809 450 2852 to
477 2803 520 2851 his
553 2817 688 2864 presence,
719 2804 798 2866 using
820 2802 995 2868 n2,p.373;
1013 2802 1194 2870 G.647‚4ad
1213 2805 1273 2872 fin.;
1291 2803 1329 2857 H.

282 2883 355 2932 force
373 2881 394 2930 if
414 2893 554 2941 necessary
570 2879 625 2939 (ius
640 2880 797 2940 prehensio·
820 2878 870 2930 524
888 2880 911 2944 1,
925 2876 980 2945 (2);
998 2876 1023 2929 Β
1040 2879 1089 2930 314
1106 2882 1130 2930 4.
1164 2879 1242 2938 nihil.
1261 2879 1279 2932 i.
1293 2895 1328 2945 e,

282 2959 347 3017 nist.
820 2959 1031 3021 incriminating,
1062 2960 1236 3011 treasonable.
1285 2963 1330 3011 te·

313 3033 359 3082 10.
377 3032 488 3082 credo:
506 3032 617 3081 ironica}
632 3035 687 3093 (see
704 3047 739 3082 on
758 3033 794 3082 ΙΙ.
819 3047 910 3092 mere,
938 3035 1134 3098 ‘causelessly.’
1169 3039 1330 3098 tumultus,

281 3109 328 3159 14.
348 3109 401 3168 27),
421 3123 450 3157 as
468 3109 514 3157 the
530 3108 611 3174 letter
623 3110 727 3182 hoylratl
745 3109 797 3159 lost
822 3111 1017 3172 ‘excitement,’
1037 3117 1085 3161 not
1102 3127 1131 3162 as
1149 3114 1177 3162 in
1195 3116 1209 3176 ξ
1226 3116 1249 3166 4.
1271 3115 1308 3167 17.

282 3201 312 3235 so
329 3187 410 3234 much
428 3191 481 3234 rest
500 3187 528 3234 in
541 3186 649 3249 rvriting
666 3187 688 3236 fs
706 3187 796 3249 barely
850 3186 896 3245 16,
908 3187 953 3235 1⁷.
970 3187 1133 3248 facturum,
1146 3194 1181 3239 ut
1198 3205 1261 3241 non
1280 3191 1332 3242 de-

282 3263 343 3311 forn·
354 3262 422 3311 lines
437 3261 507 3325 long.
818 3263 930 3312 ferrem
945 3280 1035 3314 :non
1047 3266 1210 3317 delaturum.
1241 3269 1332 3318 A.332

315 3337 361 3400 57.
375 3338 420 3396 11,
429 3337 475 3386 12.
493 3338 622 3387 summis
631 3338 715 3396 viris,
725 3353 797 3388 sum·
820 3355 846 3402 e3
864 3340 896 3390 G.
910 3341 983 3393 5572
999 3342 1065 3392 finer
1076 3344 1163 3405 print;
1181 3345 1216 3395 H.
1229 3345 1277 3394 498
1291 3345 1328 3394 II.

282 3415 379 3464 moneri
403 3421 431 3464 to
448 3420 491 3464 act
511 3429 540 3464 as
559 3416 704 3476 witnesses,
723 3430 752 3464 as
769 3421 797 3465 at
819 3432 845 3465 n.
860 3418 882 3466 2.
919 3418 1085 3467 consilium
1096 3419 1270 3481 publicum:
1287 3435 1332 3470 see

282 3506 299 3540 a
315 3490 418 3541 similar
435 3491 518 3556 crisis,
537 3492 641 3544 before:
658 3492 692 3541 cf.
710 3493 731 3540 Ι.
750 3491 796 3540 10.
819 3508 854 3542 on
873 3494 894 3542 I.
914 3494 939 3542 2.
959 3496 996 3544 14.
1031 3495 1189 3556 integram,
1209 3496 1332 3546 ‘untaur-

282 3568 377 3618 29-30..
420 3566 608 3629 frequentes,
645 3567 691 3616 ‘fn
725 3568 796 3630 large
819 3568 996 3630 peredwitlr,’
1013 3567 1243 3630 ‘unpreJudiced’

282 3643 428 3694 numbers)
850 3643 896 3701 18,
904 3642 949 3692 19.
966 3644 1041 3692 eiea
1056 3680 1062 3692 .
1080 3680 1086 3691 .
1103 3680 1109 3692 .
1126 3648 1245 3696 tamen:
1258 3648 1331 3698 what

313 3719 415 3768 13-15.
433 3720 520 3782 priua
548 3733 642 3783 quam
675 3720 796 3778 deferri,
820 3721 891 3769 force
911 3722 960 3769 fras
978 3721 1023 3770 si?
1056 3721 1098 3772 Cf.
1121 3721 1221 3772 11.16.
1241 3724 1285 3787 303
1308 3726 1330 3776 Ι.

284 3796 391 3847 ‘before
413 3795 495 3859 being
517 3797 571 3847 laid
592 3797 702 3846 before!
738 3797 797 3846 The
819 3795 863 3845 29.
876 3799 914 3846 il.

282 3871 388 3938 regular
415 3873 599 3924 construction
626 3873 692 3924 with
716 3875 797 3934 prius
851 3871 895 3932 21,
918 3871 964 3926 22.
980 3872 1107 3929 minium
1131 3873 1331 3940 diligentiam,
