2870 4376
427 286 507 346 cir.
531 286 619 358 Μ,
644 286 658 360 s
680 284 768 350 imo.
1110 272 1179 354 lit

68 463 184 553 patria
195 469 321 535 virtute
334 468 506 554 praeditus
523 470 611 534 filius
627 475 662 535 se
674 491 713 535 ao
726 471 830 536 vitam
846 491 941 536 suam
957 471 1123 540 instructa

69 573 145 638 acie
161 595 222 658 pro
238 573 348 638 salute
372 574 489 658 populi
513 575 655 638 Romani
673 575 884 660 victoriaque
905 575 1120 653 devovisset;

70 698 115 740 ex
133 699 203 760 qua
225 676 484 742 innumerabiles
509 678 568 742 alii
593 679 716 762 partim
739 677 973 764 adipiscendae
1001 680 1121 758 laudis,

70 781 197 864 partim
226 779 383 849 vitandae
410 780 633 866 turpitudinis
660 803 761 848 causa
788 791 928 848 moriem
957 785 991 848 in
1020 786 1121 850 variis

70 884 171 950 bellis
195 885 405 970 aequissimis
431 886 551 952 animis
578 887 807 971 oppetissent3
831 888 868 950 in
892 908 960 973 qua
984 889 1121 955 civitate
1145 905 1175 951 40

71 989 145 1073 ipse
169 991 392 1059 meminissem
417 997 546 1074 patrem
570 990 672 1056 buius
695 990 744 1056 M.
761 990 884 1068 Crassi,
900 991 1120 1058 fortissimum

72 1093 195 1170 virum,
212 1114 253 1158 ne
270 1093 401 1160 videret
416 1095 578 1160 victorem
593 1095 693 1160 vivus
717 1095 901 1173 inimicum,
918 1096 1033 1162 eedem
1058 1097 1121 1163 sibi

73 1217 177 1263 manu
207 1198 310 1264 vitam
343 1197 547 1275 exhausisse,
572 1219 640 1283 que
667 1207 809 1266 mortem
839 1219 937 1284 saepe
968 1200 1121 1268 hostibus

72 1297 263 1382 optulisset.

117 1419 212 1466 xxn.
237 1403 330 1470 Haec
352 1426 414 1491 ego
437 1411 474 1468 et
488 1403 596 1468 multa
611 1403 676 1468 alia
691 1403 844 1490 cogitans
868 1403 930 1470 hoc
955 1404 1118 1482 videbam,
1134 1409 1175 1472 49

71 1507 102 1571 si
140 1527 275 1572 causam
298 1508 466 1592 publicam
490 1529 563 1572 mee
586 1529 674 1572 mors
709 1509 916 1592 peremisset,
952 1510 1117 1576 neminem

71 1632 235 1695 umquam
261 1610 343 1689 iore,
368 1613 428 1697 qui
450 1611 590 1678 auderet
611 1613 781 1697 suscipere
805 1619 921 1678 eontra
952 1613 1119 1698 improbos

72 1716 158 1780 civis
180 1715 325 1782 salutem
352 1717 400 1782 rei
427 1715 592 1801 publicae.
638 1716 770 1801 Itaque,
794 1737 862 1780 non
884 1717 994 1782 solum
1024 1719 1053 1783 si
1085 1719 1119 1784 vi
1188 1735 1190 1738 ·

71 1821 274 1898 interissem,
299 1820 358 1885 sed
385 1821 485 1886 etiam
508 1821 538 1884 si
561 1819 676 1884 morbo
704 1822 876 1886 extinctus
902 1842 1018 1897 essem,
1051 1821 1122 1888 fore
1158 1839 1174 1884 r

24 1927 28 1932 '
72 1922 232 2008 putabam
276 1932 316 1988 ut
353 1925 547 2009 exemplum
590 1924 638 1988 rei
676 1923 830 2008 publicae
872 1925 1120 1992 conservandae

73 2049 204 2092 mecum
231 2028 336 2110 ²simul
367 2029 530 2093 interiret.
577 2027 663 2106 Quis
698 2028 787 2092 enim
819 2049 979 2113 umquam
1011 2051 1063 2094 me
1101 2051 1121 2094 a

72 2139 193 2198 senatu
224 2133 418 2217 populoque
450 2133 600 2198 Romano
639 2138 733 2198 tanto
771 2132 920 2196 omnium
958 2131 1119 2199 bonorum
1225 2208 1229 2214 ,

72 2234 186 2299 studio
211 2257 279 2300 non
302 2237 460 2301 restituto
484 2234 576 2321 quod
600 2243 700 2310 certe,
724 2236 751 2298 si
776 2256 883 2300 essem
907 2233 1117 2315 interiectus,

72 2337 221 2404 accidere
238 2361 306 2404 non
321 2340 497 2424 potuisset,
516 2340 619 2403 ullam
643 2338 864 2423 reipublicae
887 2348 1017 2424 partem
1040 2363 1118 2406 oum
1144 2358 1174 2404 ro

71 2463 135 2508 sua
151 2443 287 2507 minima
302 2443 430 2510 invidia
451 2443 592 2508 auderet
613 2443 805 2530 attingere?
850 2442 988 2509 Servavi
1013 2445 1118 2532 igitur

70 2671 155 2720 tilius
172 2671 200 2721 in
221 2673 277 2734 295,
296 2686 363 2736 gave
378 2673 449 2724 their
472 2673 538 2736 lives
556 2687 586 2722 as
641 2671 702 2734 §49.
711 2671 792 2720 2-11„
804 2671 1119 2736 amnemamnem,

71 2748 474 2813 propitiatoryofferingstothe
482 2764 585 2800 unscen
607 2753 669 2810 etc,
684 2748 792 2811 already
802 2749 883 2812 urged
896 2750 923 2798 in
937 2750 990 2800 111.
1001 2750 1046 2800 28.
1057 2751 1118 2802 181.

71 2838 175 2888 powers
192 2825 223 2874 in
242 2825 320 2876 order
337 2831 366 2876 to
385 2826 465 2890 bring
481 2827 584 2889 victory
607 2837 656 2874 me
681 2860 687 2873 .
715 2860 721 2873 .
749 2861 754 2873 .
778 2826 940 2876 restituto:
963 2826 1120 2878 notice·tlre

70 2907 103 2950 to
124 2901 228 2952 Roman
245 2915 326 2952 arms.
606 2901 805 2951 accumulation
834 2902 864 2951 oi
895 2902 1034 2964 ablativae,
1066 2905 1120 2954 and

8 3025 9 3028 ,
104 2976 204 3028 ³842
232 2979 346 3039 partim
370 3014 376 3026 .
399 3014 405 3027 .
428 3014 434 3027 .
456 2980 583 3042 partim:
606 2977 748 3038 especially
760 2978 807 3026 the
821 2977 873 3026 abl.
888 2978 943 3028 abs.
963 2980 1040 3029 tanto
1057 3015 1063 3028 .
1083 3015 1116 3030 ..

9 3061 10 3068 ’
70 3053 107 3104 cf.
122 3054 170 3118 Ep.
189 3055 269 3105 XVI.
289 3055 315 3103 ⁵.
332 3055 375 3117 ro;
394 3056 464 3106 Mur.
484 3055 580 3105 51.26.
605 3054 697 3104 studio
726 3053 844 3104 inclosed
866 3055 962 3103 within
992 3057 1119 3106 another:

8 3185 9 3189 ,
69 3131 146 3192 ipse,
168 3136 197 3181 to
216 3132 294 3182 mark
316 3133 363 3182 the
386 3133 490 3196 change
512 3132 582 3182 from
605 3142 646 3178 me
663 3165 670 3178 .
690 3165 697 3178 .
717 3165 723 3178 .
743 3131 881 3180 restituto.
911 3131 956 3179 rei
968 3130 1039 3192 pub.
1051 3145 1119 3194 par-

8 3215 14 3265 ‘fi
70 3221 146 3258 mora
163 3220 194 3258 or
212 3207 264 3258 less
283 3208 409 3258 doubtful
427 3208 537 3270 legenda
555 3215 583 3258 to
605 3207 669 3254 tem
681 3205 1070 3270 attingere,‘takcanypar·t
1090 3209 1117 3258 in

8 3311 16 3348 v
70 3283 127 3334 real
144 3283 255 3346 history.
297 3283 390 3333 huius
404 3284 446 3333 M.
466 3283 582 3334 Crassi:
605 3280 731 3342 polines!
767 3293 856 3331 cum.
873 3318 880 3330 .
897 3318 902 3330 .
919 3283 1054 3332 invidia:
1075 3284 1118 3334 ‘at

8 3389 18 3427 t
70 3375 116 3412 sec
133 3375 167 3410 on
180 3361 227 3422 53.
242 3363 257 3410 2
274 3361 307 3411 ad
321 3361 381 3410 fin:
398 3362 441 3412 for
453 3363 533 3412 buius
546 3362 580 3411 of.
605 3356 652 3406 the
670 3357 726 3406 risk
742 3358 771 3406 of
787 3372 891 3408 everso
909 3357 979 3408 little
996 3374 1118 3434 impopu-

8 3463 19 3507 ις
71 3436 131 3498 §a
155 3435 178 3488 t.
214 3437 273 3486 The
299 3437 390 3494 father
411 3438 441 3488 oi
469 3435 582 3486 Crassus
604 3431 862 3495 laritytobimself.’
897 3437 1114 3499 sua1tbeposs.

8 3548 20 3586 β
70 3525 127 3562 was
159 3511 312 3574 proscribed
346 3512 381 3574 by
409 3511 499 3561 Cinna
528 3511 582 3561 and
605 3509 703 3558 isbere
716 3511 780 3560 used
792 3511 881 3560 toran
893 3512 946 3574 obj.
960 3524 1021 3575 gen.
1036 3512 1121 3575 (suile

8 3612 19 3663 ιη
71 3587 174 3637 Marius
202 3587 230 3637 in
265 3587 306 3648 at,
335 3588 389 3637 and
425 3588 581 3638 committed
604 3584 639 3634 Α.
661 3587 707 3650 190
725 3587 759 3648 b3
780 3586 813 3636 G.
833 3587 881 3636 363
899 3589 990 3658 Rem.;
1014 3590 1049 3639 H.
1069 3589 1117 3640 396

11 3690 25 3734 p
72 3663 174 3716 suicide
184 3667 213 3712 to
229 3663 308 3712 avoid
326 3663 425 3726 falling
442 3664 501 3713 into
513 3665 583 3714 their
606 3659 661 3712 III.
673 3659 785 3722 Note2;
804 3662 835 3714 B.
853 3665 903 3716 243
921 3666 944 3716 2.
971 3668 1114 3716 auderet:

10 3753 25 3816 y.
72 3739 166 3790 hands.
201 3739 332 3796 videret,
345 3745 410 3789 ete:
427 3739 518 3789 notice
536 3740 583 3788 the
605 3738 640 3788 its
665 3739 781 3801 protasis
809 3739 832 3788 is
860 3740 970 3802 impiied
1007 3743 1035 3792 in
1069 3744 1115 3794 the

8 3793 9 3821 ¹
71 3813 243 3876 ailitemtion.
495 3873 503 3880 Ἠ
605 3814 657 3866 abl.
682 3815 737 3866 abs.
760 3829 801 3866 me
819 3852 825 3866 .
845 3852 852 3865 .
872 3852 879 3866 .
899 3831 953 3868 noo
975 3821 1114 3874 recurro:

8 3915 28 3978 pl
