2870 4376
417 349 497 402 222.
524 349 612 413 ares,
636 347 648 408 2
673 349 792 400 rar-125.
1120 331 1185 402 533

81 532 186 601 22222,
203 545 245 588 22
261 524 430 608 principes
447 523 620 589 civitatis?
667 522 874 587 Nominatim
898 512 974 587 suin
991 522 1134 608 appella

83 635 142 694 tus
159 630 193 692 in
211 629 336 692 Bruto:
1158 640 1187 686 10

130 783 424 867 'l'dllius‚qui
447 781 720 846 libertatem
744 781 926 846 civibus
948 780 1134 847 stabili·

986 892 1132 950 verat.

85 1025 222 1089 Miliens
249 1032 443 1089 revocatum
474 1031 557 1087 222.Ι
583 1023 750 1089 Parumne
780 1023 957 1089 videbatur
986 1023 1131 1109 populus

85 1121 256 1206 Romanus
272 1127 418 1192 iudicare
436 1128 471 1190 id
486 1149 505 1190 a
523 1149 574 1192 me
592 1135 627 1192 et
642 1151 661 1192 a
676 1135 795 1192 senatu
813 1150 884 1192 2222
897 1129 1130 1202 constitutum,

84 1232 179 1315 quod
201 1231 325 1323 perditi
353 1233 443 1298 cives
471 1232 643 1297 sublatum
670 1254 729 1317 per
757 1254 816 1296 nos
847 1231 1134 1295 criminabantur?
1158 1247 1186 1292 15

85 1336 274 1400 Maximum
292 1358 371 1400 vero
396 1337 514 1421 populi
539 1338 681 1400 Romani
705 1335 866 1399 iudicium
892 1336 1040 1400 universi
1057 1356 1131 1398 con·
1149 1338 1205 1400 124

83 1461 178 1504 sessu
210 1439 410 1525 gladiatorio
442 1440 648 1505 declaratum
676 1449 737 1504 est.
784 1440 866 1504 Erat
893 1440 981 1502 enim
1008 1459 1132 1502 munus

84 1543 250 1628 Scipionis
283 1543 425 1629 dignum
456 1551 490 1607 et
517 1566 556 1607 eo
584 1546 656 1628 ipso
685 1552 719 1608 et
746 1545 805 1607 illo
834 1543 875 1622 Q.
903 1543 1052 1618 Metello,
1077 1542 1132 1606 cui

83 1645 236 1711 dabatur.
283 1647 323 1710 Id
346 1657 460 1715 autem
485 1649 670 1731 spectaculi
696 1669 803 1733 genus
828 1654 909 1722 2222,
926 1646 1019 1731 quod
1041 1647 1133 1710 omni

83 1749 276 1836 frequentia
292 1761 393 1835 atque
411 1753 502 1815 omni
518 1773 639 1838 genere
658 1753 830 1815 hominum
850 1749 1047 1826 celebratur,
1064 1772 1132 1835 quo
1155 1766 1186 1811 22

84 1854 269 1919 multitudo
287 1856 429 1919 maxime
454 1854 650 1919 delectatur.
697 1856 738 1919 ln
761 1856 850 1920 hunc
874 1876 1068 1920 consessum
1092 1854 1131 1918 P.

85 1957 213 2022 Sestius
231 1958 386 2022 tribunus
403 1960 458 2044 pl.‚
472 1981 549 2022 cum
566 1967 681 2046 ageret
697 1959 782 2023 nihil
798 1961 891 2025 aliud
907 1962 942 2024 in
959 1982 998 2026 eo
1013 1960 1133 2046 magis·

84 2069 176 2125 tratu
192 2063 257 2128 nisi
274 2084 381 2127 meam
404 2085 549 2139 causam,
568 2065 662 2128 venit
684 2070 719 2128 et
741 2086 776 2128 se
800 2065 924 2148 populo
946 2063 1041 2129 dedit
1064 2084 1131 2126 non

84 2165 221 2249 plausus
238 2166 434 2250 cupiditate,
447 2166 507 2230 sed
522 2175 561 2229 22
577 2168 641 2251 ipsi
657 2168 783 2231 inimici
799 2169 904 2230 nostri
921 2167 1131 2231 voluntatem

84 2269 233 2333 universi
260 2257 377 2355 populi
404 2269 568 2334 viderent.
617 2271 731 2346 Venit,
750 2278 789 2334 ut
813 2271 951 2346 scitis‚a
976 2271 1131 2335 columna
1154 2286 1207 2331 22·

86 2372 228 2436 Maenia.
275 2373 406 2437 Tantus
430 2381 546 2438 estex
572 2375 725 2438 omnibus
753 2376 952 2460 spectaculis
981 2396 1087 2459 usque
1111 2395 1130 2438 a

86 2475 261 2561 Capitolio,
279 2485 393 2542 tantus
410 2500 452 2543 ex
469 2477 709 2551 foricancellis
734 2480 872 2563 plausus
897 2481 1073 2552 excitatus,
1092 2486 1131 2542 ut

85 2602 267 2664 numquam
284 2583 388 2645 maior
404 2583 580 2647 consensio
595 2591 656 2646 aut
678 2583 824 2667 apertior
848 2584 964 2667 populi
988 2583 1130 2647 Romani

84 2685 235 2749 universi
250 2683 354 2750 fuisse
372 2686 441 2750 ulla
457 2686 492 2749 in
509 2707 609 2750 causa
624 2685 802 2751 diceretur.
850 2686 917 2751 Ubi
941 2696 1037 2751 erant
1059 2696 1132 2751 tum
1144 2683 1201 2747 125

115 2881 215 2931 10—15.
238 2881 271 2930 in
291 2881 396 2940 Bruto,
414 2883 530 2932 another
546 2887 599 2932 tra·
619 2884 654 2933 ci.
680 2885 694 2946 5
717 2885 739 2934 1.
766 2886 804 2946 15,
829 2885 857 2934 in
880 2883 1042 2933 connection
1065 2884 1131 2932 wlth

84 2957 151 3020 gedy
162 2958 191 3007 21
202 2958 304 3007 Attius.
339 2957 471 3006 Tullius:
489 2958 597 3008 Servius
619 2960 764 3009 2121222222.
800 2972 927 3008 munus:
948 2973 991 3008 see
1010 2972 1045 3007 on
1063 2959 1128 3008 Sull.

85 3034 196 3094 Tullius,
211 3034 258 3082 2122
276 3034 350 3084 sixth
370 3035 437 3098 king
453 3035 483 3084 of
501 3035 595 3095 Rome,
619 3034 664 3082 54.
678 3036 715 3084 19.
752 3033 968 3096 8212122212Ρ.
989 3033 1130 3084 Cornelius

84 3111 172 3160 whose
191 3113 302 3160 comitia
325 3113 483 3161 centuriata
502 3109 539 3174 (p.
554 3113 594 3172 59,
618 3109 708 3172 Scipio
742 3110 849 3170 Nasica,
883 3109 997 3172 adopted
1032 3110 1066 3171 by
1096 3108 1128 3169 Q.

84 3184 161 3248 1311)-
178 3201 232 3236 was
257 3188 304 3236 the
327 3201 427 3247 mayoc
451 3189 547 3236 clrarta
567 3188 596 3236 21
619 3186 743 3235 Met-ellus
756 3187 830 3245 Pius,
844 3200 892 3235 son
909 3186 938 3235 21
955 3185 986 3245 Q.
1006 3185 1131 3234 Metellus

85 3263 188 3311 Roman
205 3263 308 3325 liberty.
344 3263 484 3312 Miliens:
503 3265 595 3326 givea
618 3263 787 3320 Numidicus,
810 3264 824 3324 ἓ
848 3264 902 3311 101.
928 3263 965 3311 15.
1012 3261 1129 3323 populo

84 3353 215 3402 synonym
230 3341 300 3389 from
313 3340 326 3401 ξ
339 3341 377 3390 59.
392 3341 431 3390 33.
467 3352 596 3389 revoca·
618 3338 714 3395 dedit,
728 3336 853 3388 ‘allowed
870 3338 917 3387 the
935 3336 1029 3400 people
1046 3343 1075 3385 to
1087 3350 1130 3386 see

84 3418 150 3464 tum
173 3419 235 3464 eat:
260 3430 295 3466 sc.
321 3417 370 3467 hoc
395 3417 505 3466 dictum.
540 3416 596 3464 Pa·
618 3414 695 3464 him.’
738 3414 885 3463 columna
914 3415 1053 3464 Maenia:
1086 3427 1130 3462 222

84 3504 196 3549 rumne,
218 3506 247 3540 22
271 3493 299 3540 in
318 3493 331 3553 ᾗ
349 3493 388 3541 32.
408 3493 445 3540 10.
480 3491 597 3553 perditi
618 3505 653 3540 on
671 3491 685 3552 ξ
700 3491 737 3540 18.
751 3492 775 3552 5,
788 3493 812 3550 6,
829 3497 857 3539 22
874 3492 920 3540 2122
938 3491 1067 3540 southern
1084 3504 1130 3539 en-

84 3603 90 3616 .
112 3603 117 3616 .
140 3603 145 3615 .
168 3567 420 3625 criminabantur,
443 3582 507 3631 eg„
532 3568 597 3617 Tor·
618 3573 711 3617 trance
738 3573 767 3618 to
795 3569 841 3618 2122
864 3569 962 3617 lorum.
1008 3569 1130 3628 specta-

85 3649 180 3706 quatus
202 3645 282 3694 when
310 3645 483 3707 prosecuting
509 3644 596 3694 Sulla:
617 3645 705 3701 22112,
723 3658 752 3693 22
775 3645 804 3692 in
828 3644 896 3693 Mur.
918 3643 962 3691 72.
981 3645 1020 3693 26.
1055 3641 1129 3692 torit

85 3721 118 3770 21.
132 3719 196 3770 Sull.
211 3720 276 3781 §21-
618 3735 662 3770 222
683 3735 719 3769 on
742 3721 811 3770 Mur.
832 3720 876 3768 72.
897 3721 936 3769 33.
972 3719 1129 3776 cancellis,

115 3795 198 3858 5124.
217 3795 318 3845 16-27.
337 3797 510 3846 Maximum
533 3833 538 3844 .
561 3833 567 3844 .
590 3833 595 3844 .
619 3797 743 3859 marklng
765 3797 804 3846 off
835 3798 881 3846 the
910 3796 1005 3860 ‘ring‚’
1032 3796 1128 3846 wlthln

85 3871 227 3931 universi,
243 3873 292 3923 the
314 3873 482 3924 interlocked
505 3873 595 3924 order:
618 3872 708 3925 which
720 3872 766 3921 the
778 3872 899 3925 combats
910 3871 976 3923 took
986 3871 1070 3940 place.
