2876 4378
453 322 794 390 annaeus
1134 316 1198 380 6OE

94 497 308 560 consulatum
339 495 410 559 eius
449 503 626 580 expectare
668 495 868 579 potuissent,
900 496 958 560 ille
997 495 1143 584 denique

94 599 195 664 vivus
226 599 304 663 mali
335 598 419 662 nihil
449 597 593 674 iecisset,
627 599 685 683 qui
716 606 870 664 mortuus
900 621 969 664 uno
999 623 1043 666 ex
1074 605 1143 670 suis
1169 624 1198 670 ao

92 702 296 766 satellitibus
320 701 404 766 duce
429 702 555 766 curiam
578 701 791 767 incenderit?
839 703 917 783 Quo
942 704 1026 789 quid
1050 707 1145 774 mise-

93 807 175 881 rius,
192 805 276 890 quid
295 805 455 882 acerbius
479 805 561 889 quid
587 806 774 871 luctuosius
799 807 954 884 vidimus,
978 812 1143 895 templum

92 909 293 984 sanctitatis
310 908 554 992 amplitudinis,
572 911 705 986 mentis,
731 911 861 974 consilii
885 911 1022 996 publici,
1041 924 1144 1000 caput

93 1013 197 1090 urbis,
213 1033 304 1078 aram
322 1013 497 1089 sociorum,
516 1021 649 1098 portum
674 1015 824 1078 omnium
847 1016 1011 1101 gentium,
1029 1017 1142 1084 sedem

93 1117 135 1181 ab
160 1117 316 1180 universo
342 1117 466 1200 populo
494 1138 684 1181 concessam
713 1118 771 1181 uni
796 1117 905 1182 ordini
933 1118 1140 1200 inflammari,
1166 1139 1195 1183 aa

2 1231 5 1238 '
93 1219 238 1296 excindi,
251 1219 425 1295 funestari,
438 1241 548 1304 neque
565 1220 600 1284 id
616 1221 686 1286 fieri
702 1243 722 1285 a
738 1221 956 1288 multitudine
975 1225 1137 1309 imperita,

1 1339 5 1384 ῑ
92 1346 298 1408 quamquam
314 1332 403 1390 esset
420 1324 577 1388 miserum
594 1323 629 1388 id
645 1325 766 1409 ipsum,
784 1324 842 1389 sed
866 1326 907 1390 ab
932 1327 1025 1392 uno?
1071 1329 1141 1409 Qui

8 1463 15 1502 ς,
92 1451 168 1492 curn
187 1435 319 1493 tautum
341 1449 443 1492 ausus
468 1429 514 1492 sit
538 1436 632 1492 ustor
648 1451 707 1514 pro
731 1437 873 1504 mortuo,
892 1430 975 1514 quid
998 1433 1139 1519 signifer

2 1522 17 1598 ’1.
91 1554 153 1618 pro
166 1533 242 1596 vivo
255 1552 322 1595 non
335 1538 423 1595 esset
434 1532 558 1596 ausus?
595 1532 772 1598 incuriam
786 1536 996 1619 potissimum
1010 1537 1138 1621 abiecit,
1165 1559 1194 1604 aa

9 1673 18 1686 «
91 1643 132 1698 111
148 1656 219 1699 eam
242 1642 394 1698 mortuus
412 1635 615 1713 incenderet,
632 1658 733 1720 quam
751 1639 850 1702 vivus
874 1647 1051 1704 everterat.
1098 1643 1144 1707 Et
1155 1647 1193 1708 91

90 1747 182 1815 sunt,
200 1737 315 1822 quide
340 1737 393 1803 via
417 1739 528 1822 Appia
552 1747 745 1824 querantur,
764 1749 898 1806 taceant
920 1742 961 1806 de
987 1745 1088 1820 curia,
1106 1753 1141 1809 et

90 1844 151 1927 qui
167 1843 208 1906 ab
224 1864 262 1906 eo
277 1843 424 1927 spirante
442 1841 552 1925 iorum
570 1850 693 1928 putent
711 1846 860 1931 potuisse
878 1845 1024 1923 defendi,
1042 1849 1139 1913 cuius

19 1987 24 2026 :
91 1968 159 2010 non
176 1946 337 2010 restiterit
352 1945 506 2010 cadaveri
519 1947 634 2011 curia?
683 1947 848 2024 Excitata
860 1950 1005 2014 excitate
1018 1951 1137 2035 ipsum,

90 2053 119 2115 si
136 2051 286 2135 potestis,
303 2072 322 2113 a
337 2051 493 2126 mortuis3
511 2049 674 2136 frangetis
692 2053 855 2137 impetum
870 2053 951 2128 vivi,
965 2054 1061 2118 cuius
1078 2056 1136 2120 vix

12 2201 25 2239 -,
90 2155 266 2220 sustinctis
281 2153 386 2218 furias
402 2155 589 2238 insepulti?
637 2155 711 2220 Nisi
734 2179 814 2221 vero
838 2157 1048 2223 sustinuistis
1072 2180 1138 2236 eoS,
1164 2173 1192 2218 35

5 2291 22 2352 t:
92 2261 151 2344 qui
167 2281 242 2323 curn
258 2258 387 2323 facibus
404 2258 446 2322 ad
462 2260 587 2323 curiam
603 2267 832 2336 cucurrerunt,
846 2282 921 2324 cum
938 2261 1081 2326 falcibus
1096 2262 1140 2327 ad

1 2399 26 2456 p,
93 2364 249 2441 Castoris,
262 2387 339 2430 cum
351 2364 471 2451 gladiis
483 2372 554 2429 toto
566 2363 638 2428 foro
653 2365 848 2429 volitarunt.
889 2364 992 2429 Caedi
1002 2365 1136 2432 vidistis

1 2445 28 2556 k,
92 2469 252 2553 populum
274 2469 472 2543 Romanum,
490 2470 679 2533 contionem
704 2467 825 2554 gladiis
850 2466 1040 2545 disturbari,
1058 2492 1134 2534 cum

16 2607 29 2667 '5
90 2573 264 2638 audiretur
278 2574 413 2640 silentio
438 2573 486 2636 M.
504 2573 647 2648 Caelius,
668 2572 823 2637 tribunus
846 2571 903 2656 pl,
921 2573 1023 2637 viret
1045 2575 1080 2638 in
1104 2597 1138 2640 re

90 2677 225 2762 publica
255 2676 457 2743 fortissimus
489 2685 524 2742 et
554 2679 588 2740 in
617 2685 772 2761 suscepta
804 2697 904 2740 causa
930 2677 1137 2745 firmissimus
1162 2700 1192 2745 40

20 2815 31 2839 κ
90 2790 125 2847 61
155 2782 317 2847 bonorum
348 2784 517 2848 voluntati
549 2789 584 2846 et
613 2782 806 2846 auctoritati
837 2788 974 2846 senatus
1002 2780 1137 2848 deditus

1 2881 18 2937 Ἃ
89 2894 125 2951 61
154 2887 189 2949 in
220 2886 282 2951 hac
310 2886 448 2952 Milonis
471 2887 542 2950 sive
566 2884 695 2950 invidia
719 2887 789 2950 sive
814 2881 952 2949 fortuna
975 2885 1138 2972 singulari

1 2986 2 2994 '
90 2990 206 3054 divina
228 2998 263 3054 et
284 2990 473 3055 incredibili
497 2989 572 3054 fide.

123 3138 188 3199 §90-
207 3137 308 3184 21-27.
333 3137 421 3193 duce,
434 3137 518 3186 Sext.
542 3136 604 3186 Olo—
627 3137 656 3186 61
672 3136 732 3203 evil.
767 3135 909 3192 falcibus,
928 3135 1004 3185 ‘wall
1023 3138 1140 3187 lvooks:’

1 3199 3 3218 ¹
29 3211 32 3221 ’
91 3215 158 3263 dius
194 3212 357 3274 templum:
375 3228 418 3263 see
434 3229 459 3276 p.
474 3213 604 3274 75‚§103
627 3212 661 3261 cf.
682 3210 759 3261 Caes.
781 3211 834 3261 111.
855 3211 901 3259 14.
919 3213 943 3274 5,
958 3213 1001 3261 161
1018 3214 1139 3275 111611111-

20 3313 34 3370 p
90 3290 124 3338 ad
147 3289 192 3338 fin.
227 3288 385 3347 funestari,
410 3291 444 3352 by
467 3291 513 3338 the
535 3289 603 3338 dead
626 3303 690 3350 pose
710 3289 739 3337 of
759 3289 864 3350 tearing
885 3301 961 3349 away
983 3289 1031 3337 the
1053 3295 1139 3352 steps3

1 3341 1032 3442 manummefflmmmammmmmun

15 3441 39 3522 'p
95 3456 159 3491 were
169 3442 247 3490 made
256 3441 371 3491 unclean
380 3441 414 3504 by
424 3442 470 3490 the
478 3455 603 3503 presence
658 3439 759 3489 39-43.
778 3438 938 3497 Caelium
954 3454 1038 3489 wann
1050 3441 1138 3491 friend

1 3510 39 3594 ’Ὗ
89 3519 120 3568 61
139 3532 155 3566 a
173 3531 273 3580 corpse.
309 3520 401 3575 esset,
416 3517 520 3566 ‘would
534 3517 603 3567 have
626 3517 654 3566 61
671 3517 737 3567 both
755 3515 848 3565 Cicero
865 3516 919 3565 and
937 3517 1012 3566 Milo.
1048 3517 1139 3567 Milo-

1 3574 19 3613 ω
93 3593 186 3644 beent’
205 3594 248 3642 for
259 3599 334 3642 tense
347 3594 381 3642 cf.
396 3594 461 3655 545.
475 3595 498 3642 9.
625 3594 674 3642 nis
691 3630 697 3640 .
714 3629 719 3640 .
737 3629 743 3641 .
760 3592 914 3654 singulari,
930 3593 973 3643 ‘in
986 3593 1074 3643 Mllo's
1089 3609 1139 3643 un·

1 3639 35 3690 “³ae
124 3670 188 3732 591.
207 3668 308 3718 32-36.
327 3668 422 3726 abeo,
437 3668 523 3718 ‘from
537 3667 600 3731 (ie,
625 3670 778 3732 popularity
795 3670 817 3718 11
833 3684 887 3732 you
906 3670 968 3732 will,
989 3685 1027 3732 or,
1046 3670 1069 3718 11
1085 3685 1138 3733 yon

0 3746 2 3763 '
27 3779 38 3826 p
92 3743 207 3810 against)
221 3744 297 3795 him.’
331 3744 427 3793 furias
439 3744 602 3806 lnsepulti:
626 3747 723 3808 please,
744 3747 787 3795 his
806 3747 976 3796 remarkable
994 3747 1064 3810 good
1085 3747 1139 3796 161·-

11 3795 42 3906 §b
83 3828 114 3872 ‘it
129 3836 182 3870 was
201 3821 319 3873 believed
340 3822 401 3869 that
419 3822 465 3870 the
486 3822 558 3870 souls
575 3823 603 3870 61
626 3823 711 3870 111116.’
747 3821 854 3870 divina
869 3859 875 3872 .
890 3859 895 3870 .
910 3859 915 3870 .
929 3822 1138 3886 fide,prccisely

0 3891 21 3916 ‘¹'
92 3901 138 3951 the
151 3898 283 3948 unburied
297 3898 365 3947 dead
386 3898 494 3947 became
513 3898 603 3960 spirits
626 3899 1137 3962 6616161ψί111(161111661111616611666,
