2870 4376
415 333 496 384 car.
520 333 608 395 aeae,
633 335 647 395 i
670 331 757 385 vave.
1098 321 1162 388 497

53 511 165 590 atque
197 504 412 589 improbitate
443 505 558 568 latoris
589 503 763 569 commodo
794 503 909 588 aliquo
939 507 1111 591 proposito
1134 523 1163 569 10

53 609 226 693 imperitis
243 616 303 672 aut
319 609 508 694 largitione,
525 608 632 672 oritur
653 629 695 673 ex
719 609 967 674 concertatione
991 609 1110 697 magis·

53 721 223 787 tratuum,
240 714 347 776 oritur
361 712 486 776 sensim
503 733 544 776 ex
562 712 704 777 clamore
728 712 884 797 primum,
909 712 1030 779 deinde
1052 714 1110 780 ali-

54 837 128 900 qua
163 815 364 880 discessione
390 816 566 892 contioniS,
591 817 649 880 vix
673 836 747 880 sero
770 823 805 881 et
827 837 901 880 raro
924 817 966 881 ad
990 839 1108 884 manus

53 921 276 1004 pervenitur3
315 920 410 984 nullo
442 941 521 984 vero
553 919 655 985 verbo
686 919 786 996 iacta,
822 921 917 984 nulla
953 924 1107 989 contione

54 1023 234 1099 advocata,
258 1024 353 1090 nulla
375 1024 444 1088 lata
466 1024 540 1110 lege
568 1025 767 1088 concitatam
793 1031 993 1090 nocturnam
1024 1026 1159 1092 sedi-1⁵

55 1129 189 1191 tionem
220 1129 295 1212 quis
326 1127 482 1192 audivit?
529 1129 586 1192 An
618 1129 689 1191 veri
719 1128 828 1192 simile
859 1136 920 1204 est,
953 1138 993 1193 ut
1019 1131 1102 1196 civis
1122 1136 1160 1198 ts

56 1233 232 1296 Romanus
263 1239 324 1296 aut
365 1231 463 1295 horno
495 1231 580 1296 liber
610 1233 791 1316 quisquam
822 1252 900 1296 cum
926 1233 1040 1318 gladio
1071 1236 1106 1298 in

54 1335 170 1399 iorum
194 1334 406 1400 descenderit
428 1342 506 1399 ante
531 1337 650 1411 lucem,
668 1357 709 1400 ne
734 1335 775 1400 de
796 1358 849 1400 me
875 1336 954 1401 ferri
982 1345 1108 1422 patere-

54 1448 125 1516 tur,
151 1447 282 1524 praeter
305 1461 371 1515 eos,
397 1441 456 1524 qui
480 1440 521 1504 ab
545 1440 605 1504 illo
628 1439 787 1525 pestifero
815 1463 853 1504 ac
885 1441 1016 1525 perdito
1039 1443 1106 1508 civi

55 1545 124 1608 iam
155 1543 285 1628 pridem
316 1545 363 1608 rei
396 1544 548 1628 publicae
580 1545 743 1630 sanguine
774 1546 996 1630 saginantur?
1042 1545 1107 1612 Hic
1130 1565 1159 1610 aa

54 1650 121 1712 ianr
147 1647 188 1712 de
212 1648 285 1732 ipso
310 1656 502 1712 accusatore
528 1669 661 1731 quaere,
687 1650 745 1733 qui
778 1647 815 1711 P.
848 1646 995 1714 Sestium
1027 1673 1107 1735 que-

54 1753 144 1816 ritur
167 1773 244 1815 cum
267 1750 486 1816 multitudine
512 1753 546 1813 in
575 1751 748 1815 tribunatu
776 1761 811 1816 et
837 1774 913 1817 curn
940 1754 1105 1838 praesidio

56 1877 179 1941 magno
205 1854 319 1932 luisse,
347 1875 430 1918 num
461 1855 520 1919 illo
551 1854 604 1919 die
636 1854 749 1920 fuerit.
797 1855 896 1922 Certe
928 1878 996 1922 non
1025 1857 1103 1924 fuit.

56 1959 160 2024 Victa
176 1960 281 2046 igitur
296 1967 348 2025 est
363 1980 462 2024 causa
487 1960 535 2024 rei
552 1958 716 2043 publicae,
733 1967 769 2024 et
793 1961 883 2025 victa
905 1982 972 2025 non
996 1963 1105 2047 auspi-

55 2063 128 2139 ciis,
154 2084 222 2127 non
247 2063 497 2138 intercessione,
526 2082 593 2127 non
618 2061 799 2150 suffragiis,
828 2063 888 2129 sed
918 2067 962 2142 vi,
990 2087 1104 2145 manu,
1127 2085 1157 2131 at

57 2257 198 2320 obstinacy
209 2257 263 2306 aud
276 2256 392 2306 resolute
408 2256 569 2306 determina·
590 2255 721 2318 denoting
730 2269 840 2318 persons
851 2259 998 2320 qaisquam
1009 2259 1031 2309 is
1040 2260 1106 2311 used

57 2332 136 2393 tiorr,'
149 2333 293 2395 according
313 2338 342 2382 to
354 2334 401 2382 the
412 2333 570 2394 standpoint
589 2345 618 2380 as
635 2346 671 2380 an
689 2333 832 2395 adjective,
852 2335 919 2383 vvith
935 2335 1027 2398 things
1044 2337 1105 2388 itis

57 2409 269 2471 oithespealrer.
289 2408 570 2466 intercessoris,the
589 2407 897 2470 alwaysasubstantive.
932 2411 1102 2463 SeconSull.

57 2484 242 2547 regularword
259 2484 329 2534 iera
343 2483 570 2547 tribunevetoing
589 2485 634 2534 58.
653 2486 692 2536 39.
726 2498 799 2535 cum
817 2485 935 2548 gladio:
959 2501 1002 2538 sec
1024 2504 1060 2540 on
1078 2491 1101 2540 Ι.

57 2561 132 2610 abili
147 2574 152 2610 :
170 2575 251 2623 saep.
266 2561 385 2623 66‚§ea
588 2562 633 2611 15.
646 2563 685 2612 25.
720 2561 883 2622 terri,asin
901 2562 966 2621 573.
981 2566 1005 2616 5.
1040 2579 1103 2625 ecs,

89 2634 189 2684 10-13.
209 2634 377 2684 commodo
397 2668 403 2682 .
426 2670 431 2682 .
454 2669 461 2682 .
481 2633 570 2696 largi-
588 2645 636 2688 not
648 2639 696 2689 the
707 2639 852 2703 gladiatore
863 2640 935 2703 only,
949 2642 1044 2693 butail
1056 2643 1103 2694 the

57 2711 152 2771 tione,
170 2711 265 2761 ‘when
281 2725 355 2762 some
371 2711 523 2774 advantage
539 2726 570 2762 or
589 2715 721 2766 followers
737 2716 766 2764 oi
782 2715 901 2766 ClodIus.
936 2718 983 2766 rei
1003 2719 1104 2780 publi·

57 2789 120 2851 gain
142 2788 191 2837 has
213 2789 281 2838 been
304 2788 437 2851 proposed
466 2794 494 2838 to
522 2789 569 2838 the
588 2803 644 2840 cae
656 2793 812 2854 sanguine,
827 2791 890 2844 ‘the
909 2794 956 2843 liic
975 2795 1055 2844 blood
1073 2796 1103 2846 oi

58 2865 210 2927 ignorantz’
229 2865 338 2928 explain
349 2866 397 2914 the
408 2865 525 2928 position
541 2867 570 2914 oi
589 2869 634 2916 the
650 2869 738 2930 state,'
759 2884 776 2919 a
794 2869 930 2919 reference
949 2876 978 2921 to
997 2872 1044 2922 the
1063 2885 1103 2921 re-

59 2941 308 3003 attqaopropostto.
333 2942 568 2991 concertatione
588 2944 655 2994 suits
675 2947 704 2994 oi
723 2946 770 2994 the
789 2945 978 3008 unprlucipled
998 2947 1102 3010 legisla-

58 3017 298 3078 magistratuum,
331 3019 362 3066 ‘a
392 3017 500 3068 conflict
526 3020 569 3068 be·
588 3023 644 3070 tion
657 3022 687 3070 oi
699 3021 818 3082 Clodius,
832 3022 885 3071 and
898 3036 927 3072 so
940 3028 988 3071 not
1001 3046 1026 3072 =
1039 3037 1102 3074 san·

59 3103 145 3144 tween
156 3095 340 3157 magistrates’
354 3096 384 3144 oi
398 3094 476 3157 cqual
488 3096 568 3144 rank:
587 3098 668 3155 auiae
677 3099 783 3146 civium.
812 3109 884 3145 cnm
891 3097 1100 3156 multitudine,

60 3183 102 3220 sca
123 3185 148 3232 p.
172 3173 211 3230 63,
236 3172 250 3232 ξ
275 3172 314 3220 49.
367 3171 568 3228 discessione,
587 3183 659 3220 cum
674 3172 903 3234 praesidiaria
920 3174 1027 3237 specific
1044 3181 1101 3225 acts

62 3247 190 3296 ‘division
212 3248 241 3295 in
261 3247 309 3294 'the
332 3247 492 3309 gathering.’
528 3248 568 3295 ad
587 3249 698 3298 covered
711 3249 745 3310 by
757 3250 804 3298 the
822 3249 864 3300 lec
877 3250 995 3301 Plautia
1013 3251 1045 3300 de
1056 3253 1100 3302 ni:

60 3334 171 3379 manus,
194 3330 255 3382 etc,
282 3321 361 3375 ‘does
383 3323 405 3370 it
435 3336 511 3373 come
540 3329 568 3372 to
587 3325 817 3385 seeonTitle,P.
833 3327 929 3376 Sestio.
1034 3390 1037 3397 Ι

61 3398 174 3447 blowsi'
618 3400 720 3458 24‚2⁵.
751 3402 908 3463 auspiciis,
951 3403 1100 3454 interces-

92 3474 153 3533 §78-
181 3473 281 3524 16-22.
302 3476 368 3524 An:
388 3475 498 3538 explain
520 3477 567 3526 tire
586 3477 681 3533 sione,
700 3477 862 3539 suffragiis,
878 3480 925 3528 the
943 3481 1019 3530 three
1037 3494 1100 3531 con-

60 3564 106 3599 use
124 3551 152 3599 oi
172 3551 226 3600 this
244 3552 317 3602 word
340 3553 369 3600 in
387 3551 472 3613 single
491 3567 568 3614 ques·
586 3553 738 3603 stitutional
750 3554 875 3604 methodo
892 3556 921 3605 oi
939 3557 1100 3620 preventing

60 3628 137 3676 tious.
169 3627 358 3677 verisimile
381 3631 437 3685 est,
454 3630 502 3676 ut:
525 3629 568 3678 ior·
586 3630 632 3678 the
655 3643 766 3692 passage
789 3631 819 3680 oi
842 3645 858 3680 a
880 3631 943 3681 law:
973 3633 1019 3682 the
1042 3633 1099 3682 first

61 3703 239 3754 construction
259 3719 303 3754 sce
322 3718 358 3754 on
376 3705 441 3754 Sall.
460 3703 505 3751 57.
524 3706 567 3766 24;
586 3705 640 3754 and
652 3707 749 3754 second
763 3721 808 3756 arc
824 3707 968 3769 explained
985 3709 1012 3756 in
1025 3710 1099 3758 what
1165 3760 1167 3766 ,

60 3779 103 3828 for
112 3793 168 3830 case
180 3780 211 3829 oi·
221 3782 277 3829 cert
287 3794 322 3829 on
336 3780 358 3829 Ι.
368 3779 394 3834 5,.
404 3781 443 3829 31.
480 3780 567 3837 civis,
587 3781 699 3831 iollovrs.
745 3782 785 3840 vi,
815 3793 921 3834 manu:
959 3797 1002 3833 see
1030 3785 1044 3849 ᾗ
1072 3786 1096 3838 2.

61 3854 149 3908 homo
177 3857 355 3922 quisquam:
385 3857 452 3909 with
482 3855 567 3910 words
588 3847 628 3912 22,
