<?xml version="1.0" encoding="UTF-8"?>
<!DOCTYPE html PUBLIC "-//W3C//DTD XHTML 1.0 Transitional//EN"
    "http://www.w3.org/TR/xhtml1/DTD/xhtml1-transitional.dtd">
<html xmlns="http://www.w3.org/1999/xhtml" xml:lang="en" lang="en">
 <head>
  <title>
</title>
<meta http-equiv="Content-Type" content="text/html;charset=utf-8" />
  <meta name='ocr-system' content='tesseract 3.04.00' />
  <meta name='ocr-capabilities' content='ocr_page ocr_carea ocr_par ocr_line ocrx_word'/>
</head>
<body>
  <div class='ocr_page' id='page_1' title='image "./mtulliciceronis05cicegoog/mtulliciceronis05cicegoog_0579.png"; bbox 0 0 2876 4378; ppageno 0'>
   <div class='ocr_carea' id='block_1_1' title="bbox 190 277 1065 363">
    <p class='ocr_par' dir='ltr' id='par_1_1' title="bbox 190 277 1065 363">
     <span class='ocr_line' id='line_1_1' title="bbox 190 277 1065 363; baseline -0.001 -1"><span class='ocrx_word' id='word_1_1' title='bbox 190 297 253 363; x_wconf 81' lang='lat'>560</span> <span class='ocrx_word' id='word_1_2' title='bbox 454 309 525 359; x_wconf 82' lang='lat' dir='ltr'>rno</span> <span class='ocrx_word' id='word_1_3' title='bbox 549 308 579 359; x_wconf 87' lang='lat' dir='ltr'>r.</span> <span class='ocrx_word' id='word_1_4' title='bbox 605 307 725 359; x_wconf 71' lang='lat' dir='ltr'>cumo</span> <span class='ocrx_word' id='word_1_5' title='bbox 749 308 893 361; x_wconf 80' lang='lat' dir='ltr'>umora</span> <span class='ocrx_word' id='word_1_6' title='bbox 917 277 1065 361; x_wconf 72' lang='lat' dir='ltr'>enarro.</span> 
     </span>
    </p>
   </div>
   <div class='ocr_carea' id='block_1_2' title="bbox 188 481 1295 2231">
    <p class='ocr_par' dir='ltr' id='par_1_2' title="bbox 190 481 1295 870">
     <span class='ocr_line' id='line_1_2' title="bbox 190 481 1293 567; baseline 0.005 -26"><span class='ocrx_word' id='word_1_7' title='bbox 190 497 218 541; x_wconf 86' lang='lat'>15</span> <span class='ocrx_word' id='word_1_8' title='bbox 239 483 450 567; x_wconf 84' lang='lat' dir='ltr'>arripuimus,</span> <span class='ocrx_word' id='word_1_9' title='bbox 468 481 653 557; x_wconf 85' lang='lat' dir='ltr'>hausimus,</span> <span class='ocrx_word' id='word_1_10' title='bbox 669 482 904 565; x_wconf 85' lang='lat' dir='ltr'>expressimus,</span> <span class='ocrx_word' id='word_1_11' title='bbox 921 481 1081 566; x_wconf 88' lang='lat' dir='ltr'>adquam</span> <span class='ocrx_word' id='word_1_12' title='bbox 1106 504 1173 546; x_wconf 92' lang='lat' dir='ltr'>non</span> <span class='ocrx_word' id='word_1_13' title='bbox 1189 481 1293 560; x_wconf 78' lang='lat' dir='ltr'>docti,</span> 
     </span>
     <span class='ocr_line' id='line_1_3' title="bbox 241 585 1294 663; baseline 0.001 -12"><span class='ocrx_word' id='word_1_14' title='bbox 241 585 301 651; x_wconf 89' lang='lat' dir='ltr'>sed</span> <span class='ocrx_word' id='word_1_15' title='bbox 328 585 419 662; x_wconf 81' lang='lat' dir='ltr'>lacti,</span> <span class='ocrx_word' id='word_1_16' title='bbox 444 607 511 650; x_wconf 89' lang='lat' dir='ltr'>non</span> <span class='ocrx_word' id='word_1_17' title='bbox 538 586 699 661; x_wconf 84' lang='lat' dir='ltr'>instituti,</span> <span class='ocrx_word' id='word_1_18' title='bbox 723 585 782 650; x_wconf 87' lang='lat' dir='ltr'>sed</span> <span class='ocrx_word' id='word_1_19' title='bbox 809 585 931 656; x_wconf 79' lang='lat' dir='ltr'>imbuti</span> <span class='ocrx_word' id='word_1_20' title='bbox 957 608 1083 663; x_wconf 80' lang='lat' dir='ltr'>samua,</span> <span class='ocrx_word' id='word_1_21' title='bbox 1102 595 1150 663; x_wconf 85' lang='lat' dir='ltr'>ut,</span> <span class='ocrx_word' id='word_1_22' title='bbox 1168 589 1194 654; x_wconf 91' lang='lat' dir='ltr'>si</span> <span class='ocrx_word' id='word_1_23' title='bbox 1226 589 1294 652; x_wconf 79' lang='lat' dir='ltr'>rita</span> 
     </span>
     <span class='ocr_line' id='line_1_4' title="bbox 242 690 1295 775; baseline 0.003 -22"><span class='ocrx_word' id='word_1_24' title='bbox 242 698 356 755; x_wconf 88' lang='lat' dir='ltr'>nostra</span> <span class='ocrx_word' id='word_1_25' title='bbox 371 691 407 754; x_wconf 90' lang='lat' dir='ltr'>in</span> <span class='ocrx_word' id='word_1_26' title='bbox 423 690 552 775; x_wconf 89' lang='lat' dir='ltr'>aliquas</span> <span class='ocrx_word' id='word_1_27' title='bbox 569 690 716 765; x_wconf 69' lang='lat' dir='ltr'>insidias</span> <span class='ocrx_word' id='word_1_28' title='bbox 733 691 761 754; x_wconf 91' lang='lat' dir='ltr'>si</span> <span class='ocrx_word' id='word_1_29' title='bbox 778 691 811 752; x_wconf 94' lang='lat' dir='ltr'>in</span> <span class='ocrx_word' id='word_1_30' title='bbox 829 691 896 754; x_wconf 90' lang='lat' dir='ltr'>vim</span> <span class='ocrx_word' id='word_1_31' title='bbox 914 698 949 754; x_wconf 88' lang='lat' dir='ltr'>et</span> <span class='ocrx_word' id='word_1_32' title='bbox 964 691 1000 753; x_wconf 92' lang='lat' dir='ltr'>in</span> <span class='ocrx_word' id='word_1_33' title='bbox 1021 692 1089 756; x_wconf 86' lang='lat' dir='ltr'>tela</span> <span class='ocrx_word' id='word_1_34' title='bbox 1111 699 1171 756; x_wconf 88' lang='lat' dir='ltr'>aut</span> <span class='ocrx_word' id='word_1_35' title='bbox 1190 690 1295 758; x_wconf 43' lang='lat' dir='ltr'>*atro-</span> 
     </span>
     <span class='ocr_line' id='line_1_5' title="bbox 242 794 1293 870; baseline 0.002 -12"><span class='ocrx_word' id='word_1_36' title='bbox 242 816 322 858; x_wconf 91' lang='lat' dir='ltr'>num</span> <span class='ocrx_word' id='word_1_37' title='bbox 353 802 413 858; x_wconf 89' lang='lat' dir='ltr'>aut</span> <span class='ocrx_word' id='word_1_38' title='bbox 443 795 654 858; x_wconf 88' lang='lat' dir='ltr'>inimieorum</span> <span class='ocrx_word' id='word_1_39' title='bbox 684 794 866 870; x_wconf 83' lang='lat' dir='ltr'>incidisset,</span> <span class='ocrx_word' id='word_1_40' title='bbox 896 796 1003 860; x_wconf 90' lang='lat' dir='ltr'>omnis</span> <span class='ocrx_word' id='word_1_41' title='bbox 1034 794 1171 862; x_wconf 86' lang='lat' dir='ltr'>honesta</span> <span class='ocrx_word' id='word_1_42' title='bbox 1205 797 1293 860; x_wconf 87' lang='lat' dir='ltr'>ratic</span> 
     </span>
    </p>

    <p class='ocr_par' dir='ltr' id='par_1_3' title="bbox 190 897 1294 985">
     <span class='ocr_line' id='line_1_6' title="bbox 190 897 1294 985; baseline -0.002 -20"><span class='ocrx_word' id='word_1_43' title='bbox 190 905 224 966; x_wconf 95' lang='lat' dir='ltr'>ll</span> <span class='ocrx_word' id='word_1_44' title='bbox 242 908 330 965; x_wconf 86' lang='lat' dir='ltr'>esset</span> <span class='ocrx_word' id='word_1_45' title='bbox 346 898 573 984; x_wconf 85' lang='lat' dir='ltr'>expediendae</span> <span class='ocrx_word' id='word_1_46' title='bbox 590 899 718 963; x_wconf 87' lang='lat' dir='ltr'>salutis.</span> <span class='ocrx_word' id='word_1_47' title='bbox 765 897 877 963; x_wconf 88' lang='lat' dir='ltr'>Silent</span> <span class='ocrx_word' id='word_1_48' title='bbox 889 900 977 962; x_wconf 86' lang='lat' dir='ltr'>eninr</span> <span class='ocrx_word' id='word_1_49' title='bbox 993 900 1084 985; x_wconf 87' lang='lat' dir='ltr'>leges</span> <span class='ocrx_word' id='word_1_50' title='bbox 1101 901 1184 968; x_wconf 60' lang='lat' dir='ltr'>intes</span> <span class='ocrx_word' id='word_1_51' title='bbox 1202 921 1294 964; x_wconf 84' lang='lat' dir='ltr'>arma</span> 
     </span>
    </p>

    <p class='ocr_par' dir='ltr' id='par_1_4' title="bbox 189 997 1291 1495">
     <span class='ocr_line' id='line_1_7' title="bbox 189 997 1291 1088; baseline 0.003 -23"><span class='ocrx_word' id='word_1_52' title='bbox 189 1020 217 1065; x_wconf 83' lang='lat' dir='ltr'>ao</span> <span class='ocrx_word' id='word_1_53' title='bbox 240 1027 301 1070; x_wconf 90' lang='lat' dir='ltr'>nec</span> <span class='ocrx_word' id='word_1_54' title='bbox 328 1027 363 1068; x_wconf 89' lang='lat' dir='ltr'>se</span> <span class='ocrx_word' id='word_1_55' title='bbox 394 1004 565 1088; x_wconf 83' lang='lat' dir='ltr'>expectari</span> <span class='ocrx_word' id='word_1_56' title='bbox 596 1003 722 1078; x_wconf 86' lang='lat' dir='ltr'>iubent,</span> <span class='ocrx_word' id='word_1_57' title='bbox 747 1025 823 1066; x_wconf 88' lang='lat' dir='ltr'>cum</span> <span class='ocrx_word' id='word_1_58' title='bbox 851 1004 891 1079; x_wconf 90' lang='lat' dir='ltr'>ei,</span> <span class='ocrx_word' id='word_1_59' title='bbox 909 1005 968 1088; x_wconf 90' lang='lat' dir='ltr'>qui</span> <span class='ocrx_word' id='word_1_60' title='bbox 995 997 1170 1088; x_wconf 87' lang='lat' dir='ltr'>expectare</span> <span class='ocrx_word' id='word_1_61' title='bbox 1198 1004 1291 1081; x_wconf 86' lang='lat' dir='ltr'>velit,</span> 
     </span>
     <span class='ocr_line' id='line_1_8' title="bbox 244 1105 1290 1192; baseline -0.002 -20"><span class='ocrx_word' id='word_1_62' title='bbox 244 1116 321 1172; x_wconf 87' lang='lat' dir='ltr'>ante</span> <span class='ocrx_word' id='word_1_63' title='bbox 348 1109 472 1172; x_wconf 85' lang='lat' dir='ltr'>iniusta</span> <span class='ocrx_word' id='word_1_64' title='bbox 499 1129 606 1192; x_wconf 86' lang='lat' dir='ltr'>poena</span> <span class='ocrx_word' id='word_1_65' title='bbox 633 1105 758 1171; x_wconf 90' lang='lat' dir='ltr'>luenda</span> <span class='ocrx_word' id='word_1_66' title='bbox 784 1108 830 1171; x_wconf 89' lang='lat' dir='ltr'>sit</span> <span class='ocrx_word' id='word_1_67' title='bbox 853 1127 954 1191; x_wconf 86' lang='lat' dir='ltr'>quam</span> <span class='ocrx_word' id='word_1_68' title='bbox 981 1109 1070 1172; x_wconf 86' lang='lat' dir='ltr'>iusta</span> <span class='ocrx_word' id='word_1_69' title='bbox 1098 1107 1290 1191; x_wconf 65' lang='lat' dir='ltr'>repetenda.</span> 
     </span>
     <span class='ocr_line' id='line_1_9' title="bbox 242 1210 1291 1296; baseline -0.001 -20"><span class='ocrx_word' id='word_1_70' title='bbox 242 1212 317 1276; x_wconf 85' lang='lat' dir='ltr'>Etsi</span> <span class='ocrx_word' id='word_1_71' title='bbox 333 1213 561 1296; x_wconf 75' lang='lat' dir='ltr'>persapienter</span> <span class='ocrx_word' id='word_1_72' title='bbox 584 1219 619 1276; x_wconf 89' lang='lat' dir='ltr'>et</span> <span class='ocrx_word' id='word_1_73' title='bbox 641 1210 787 1295; x_wconf 87' lang='lat' dir='ltr'>quodam</span> <span class='ocrx_word' id='word_1_74' title='bbox 811 1210 909 1275; x_wconf 92' lang='lat' dir='ltr'>modo</span> <span class='ocrx_word' id='word_1_75' title='bbox 933 1213 1034 1276; x_wconf 85' lang='lat' dir='ltr'>tacite</span> <span class='ocrx_word' id='word_1_76' title='bbox 1055 1211 1113 1276; x_wconf 89' lang='lat' dir='ltr'>dat</span> <span class='ocrx_word' id='word_1_77' title='bbox 1137 1212 1210 1296; x_wconf 73' lang='lat' dir='ltr'>ipsa</span> <span class='ocrx_word' id='word_1_78' title='bbox 1233 1212 1291 1276; x_wconf 87' lang='lat' dir='ltr'>lex</span> 
     </span>
     <span class='ocr_line' id='line_1_10' title="bbox 242 1314 1291 1400; baseline -0.002 -20"><span class='ocrx_word' id='word_1_79' title='bbox 242 1323 441 1400; x_wconf 88' lang='lat' dir='ltr'>potestatem</span> <span class='ocrx_word' id='word_1_80' title='bbox 457 1314 671 1389; x_wconf 79' lang='lat' dir='ltr'>defendendi,</span> <span class='ocrx_word' id='word_1_81' title='bbox 686 1336 771 1398; x_wconf 88' lang='lat' dir='ltr'>quae</span> <span class='ocrx_word' id='word_1_82' title='bbox 788 1336 854 1378; x_wconf 93' lang='lat' dir='ltr'>non</span> <span class='ocrx_word' id='word_1_83' title='bbox 872 1314 969 1378; x_wconf 88' lang='lat' dir='ltr'>modo</span> <span class='ocrx_word' id='word_1_84' title='bbox 986 1315 1153 1382; x_wconf 89' lang='lat' dir='ltr'>hominem</span> <span class='ocrx_word' id='word_1_85' title='bbox 1172 1315 1291 1393; x_wconf 89' lang='lat' dir='ltr'>occidi,</span> 
     </span>
     <span class='ocr_line' id='line_1_11' title="bbox 241 1417 1291 1495; baseline -0.001 -12"><span class='ocrx_word' id='word_1_86' title='bbox 241 1418 301 1483; x_wconf 92' lang='lat' dir='ltr'>sed</span> <span class='ocrx_word' id='word_1_87' title='bbox 323 1440 395 1483; x_wconf 88' lang='lat' dir='ltr'>esse</span> <span class='ocrx_word' id='word_1_88' title='bbox 423 1440 499 1482; x_wconf 89' lang='lat' dir='ltr'>curn</span> <span class='ocrx_word' id='word_1_89' title='bbox 527 1419 595 1482; x_wconf 85' lang='lat' dir='ltr'>telo</span> <span class='ocrx_word' id='word_1_90' title='bbox 622 1417 765 1481; x_wconf 89' lang='lat' dir='ltr'>hominis</span> <span class='ocrx_word' id='word_1_91' title='bbox 793 1417 967 1483; x_wconf 89' lang='lat' dir='ltr'>occidendi</span> <span class='ocrx_word' id='word_1_92' title='bbox 995 1440 1095 1483; x_wconf 87' lang='lat' dir='ltr'>causa</span> <span class='ocrx_word' id='word_1_93' title='bbox 1119 1425 1223 1494; x_wconf 73' lang='lat' dir='ltr'>velat,</span> <span class='ocrx_word' id='word_1_94' title='bbox 1241 1427 1291 1495; x_wconf 92' lang='lat' dir='ltr'>ut,</span> 
     </span>
    </p>

    <p class='ocr_par' dir='ltr' id='par_1_5' title="bbox 188 1522 1293 2231">
     <span class='ocr_line' id='line_1_12' title="bbox 189 1522 1293 1606; baseline 0.002 -22"><span class='ocrx_word' id='word_1_95' title='bbox 189 1539 218 1584; x_wconf 79' lang='lat' dir='ltr'>as</span> <span class='ocrx_word' id='word_1_96' title='bbox 240 1544 317 1587; x_wconf 89' lang='lat' dir='ltr'>curn</span> <span class='ocrx_word' id='word_1_97' title='bbox 333 1543 442 1598; x_wconf 87' lang='lat' dir='ltr'>causa,</span> <span class='ocrx_word' id='word_1_98' title='bbox 459 1543 526 1585; x_wconf 94' lang='lat' dir='ltr'>non</span> <span class='ocrx_word' id='word_1_99' title='bbox 551 1522 657 1586; x_wconf 91' lang='lat' dir='ltr'>telum</span> <span class='ocrx_word' id='word_1_100' title='bbox 681 1530 908 1605; x_wconf 77' lang='lat' dir='ltr'>quaereretur,</span> <span class='ocrx_word' id='word_1_101' title='bbox 926 1524 985 1606; x_wconf 90' lang='lat' dir='ltr'>qui</span> <span class='ocrx_word' id='word_1_102' title='bbox 1008 1523 1061 1587; x_wconf 88' lang='lat' dir='ltr'>sui</span> <span class='ocrx_word' id='word_1_103' title='bbox 1085 1522 1293 1592; x_wconf 74' lang='lat' dir='ltr'>defendendi</span> 
     </span>
     <span class='ocr_line' id='line_1_13' title="bbox 241 1625 1292 1700; baseline 0 -10"><span class='ocrx_word' id='word_1_104' title='bbox 241 1647 340 1690; x_wconf 87' lang='lat' dir='ltr'>causa</span> <span class='ocrx_word' id='word_1_105' title='bbox 371 1627 438 1690; x_wconf 90' lang='lat' dir='ltr'>telo</span> <span class='ocrx_word' id='word_1_106' title='bbox 469 1634 557 1690; x_wconf 88' lang='lat' dir='ltr'>esset</span> <span class='ocrx_word' id='word_1_107' title='bbox 587 1647 680 1700; x_wconf 81' lang='lat' dir='ltr'>usuc,</span> <span class='ocrx_word' id='word_1_108' title='bbox 709 1647 776 1689; x_wconf 93' lang='lat' dir='ltr'>non</span> <span class='ocrx_word' id='word_1_109' title='bbox 810 1626 952 1690; x_wconf 87' lang='lat' dir='ltr'>hominis</span> <span class='ocrx_word' id='word_1_110' title='bbox 984 1625 1159 1692; x_wconf 84' lang='lat' dir='ltr'>occidendi</span> <span class='ocrx_word' id='word_1_111' title='bbox 1189 1647 1292 1691; x_wconf 88' lang='lat' dir='ltr'>causa</span> 
     </span>
     <span class='ocr_line' id='line_1_14' title="bbox 243 1728 1291 1813; baseline 0.001 -20"><span class='ocrx_word' id='word_1_112' title='bbox 243 1730 395 1794; x_wconf 87' lang='lat' dir='ltr'>habuisse</span> <span class='ocrx_word' id='word_1_113' title='bbox 413 1730 518 1794; x_wconf 91' lang='lat' dir='ltr'>telum</span> <span class='ocrx_word' id='word_1_114' title='bbox 535 1728 750 1793; x_wconf 88' lang='lat' dir='ltr'>iudicaretur.</span> <span class='ocrx_word' id='word_1_115' title='bbox 799 1729 1013 1813; x_wconf 80' lang='lat' dir='ltr'>Quapropter</span> <span class='ocrx_word' id='word_1_116' title='bbox 1030 1730 1090 1794; x_wconf 90' lang='lat' dir='ltr'>hoc</span> <span class='ocrx_word' id='word_1_117' title='bbox 1105 1738 1239 1794; x_wconf 84' lang='lat' dir='ltr'>maneat</span> <span class='ocrx_word' id='word_1_118' title='bbox 1254 1731 1291 1794; x_wconf 91' lang='lat' dir='ltr'>in</span> 
     </span>
     <span class='ocr_line' id='line_1_15' title="bbox 242 1832 1292 1918; baseline -0.001 -20"><span class='ocrx_word' id='word_1_119' title='bbox 242 1855 350 1909; x_wconf 85' lang='lat' dir='ltr'>causa,</span> <span class='ocrx_word' id='word_1_120' title='bbox 367 1833 514 1908; x_wconf 82' lang='lat' dir='ltr'>iudices3</span> <span class='ocrx_word' id='word_1_121' title='bbox 539 1854 606 1897; x_wconf 92' lang='lat' dir='ltr'>non</span> <span class='ocrx_word' id='word_1_122' title='bbox 633 1833 722 1897; x_wconf 91' lang='lat' dir='ltr'>enim</span> <span class='ocrx_word' id='word_1_123' title='bbox 746 1833 873 1909; x_wconf 89' lang='lat' dir='ltr'>dubit0,</span> <span class='ocrx_word' id='word_1_124' title='bbox 893 1833 975 1918; x_wconf 92' lang='lat' dir='ltr'>quin</span> <span class='ocrx_word' id='word_1_125' title='bbox 1003 1832 1203 1917; x_wconf 85' lang='lat' dir='ltr'>probaturus</span> <span class='ocrx_word' id='word_1_126' title='bbox 1227 1835 1292 1898; x_wconf 91' lang='lat' dir='ltr'>sim</span> 
     </span>
     <span class='ocr_line' id='line_1_16' title="bbox 242 1936 1293 2023; baseline -0.002 -21"><span class='ocrx_word' id='word_1_127' title='bbox 242 1938 335 2002; x_wconf 89' lang='lat' dir='ltr'>vobis</span> <span class='ocrx_word' id='word_1_128' title='bbox 363 1937 588 2004; x_wconf 83' lang='lat' dir='ltr'>defensionem</span> <span class='ocrx_word' id='word_1_129' title='bbox 614 1957 731 2011; x_wconf 88' lang='lat' dir='ltr'>meam,</span> <span class='ocrx_word' id='word_1_130' title='bbox 748 1938 777 2002; x_wconf 91' lang='lat' dir='ltr'>si</span> <span class='ocrx_word' id='word_1_131' title='bbox 802 1936 837 2000; x_wconf 92' lang='lat' dir='ltr'>id</span> <span class='ocrx_word' id='word_1_132' title='bbox 861 1937 1087 2012; x_wconf 89' lang='lat' dir='ltr'>memineritis,</span> <span class='ocrx_word' id='word_1_133' title='bbox 1105 1937 1197 2023; x_wconf 86' lang='lat' dir='ltr'>quod</span> <span class='ocrx_word' id='word_1_134' title='bbox 1213 1937 1293 2002; x_wconf 93' lang='lat' dir='ltr'>obli-</span> 
     </span>
     <span class='ocr_line' id='line_1_17' title="bbox 188 2040 1224 2126; baseline 0.004 -24"><span class='ocrx_word' id='word_1_135' title='bbox 188 2059 218 2102; x_wconf 78' lang='lat' dir='ltr'>so</span> <span class='ocrx_word' id='word_1_136' title='bbox 240 2044 323 2108; x_wconf 87' lang='lat' dir='ltr'>visci</span> <span class='ocrx_word' id='word_1_137' title='bbox 340 2064 406 2106; x_wconf 92' lang='lat' dir='ltr'>non</span> <span class='ocrx_word' id='word_1_138' title='bbox 423 2042 572 2126; x_wconf 88' lang='lat' dir='ltr'>potestis,</span> <span class='ocrx_word' id='word_1_139' title='bbox 590 2040 818 2106; x_wconf 87' lang='lat' dir='ltr'>insidiatorem</span> <span class='ocrx_word' id='word_1_140' title='bbox 835 2042 906 2106; x_wconf 93' lang='lat' dir='ltr'>iure</span> <span class='ocrx_word' id='word_1_141' title='bbox 930 2040 1073 2106; x_wconf 86' lang='lat' dir='ltr'>interfici</span> <span class='ocrx_word' id='word_1_142' title='bbox 1096 2061 1202 2126; x_wconf 84' lang='lat' dir='ltr'>posse.</span> <span class='ocrx_word' id='word_1_143' title='bbox 1222 2058 1224 2065; x_wconf 74' lang='grc'>’</span> 
     </span>
     <span class='ocr_line' id='line_1_18' title="bbox 190 2145 1291 2231; baseline -0.002 -18"><span class='ocrx_word' id='word_1_144' title='bbox 190 2151 226 2213; x_wconf 78' lang='lat'>12</span> <span class='ocrx_word' id='word_1_145' title='bbox 286 2165 319 2210; x_wconf 87' lang='lat' dir='ltr'>v.</span> <span class='ocrx_word' id='word_1_146' title='bbox 352 2145 514 2231; x_wconf 83' lang='lat' dir='ltr'>Sequitur</span> <span class='ocrx_word' id='word_1_147' title='bbox 530 2146 624 2222; x_wconf 87' lang='lat' dir='ltr'>illud,</span> <span class='ocrx_word' id='word_1_148' title='bbox 639 2146 731 2230; x_wconf 92' lang='lat' dir='ltr'>quod</span> <span class='ocrx_word' id='word_1_149' title='bbox 747 2167 766 2208; x_wconf 90' lang='lat' dir='ltr'>a</span> <span class='ocrx_word' id='word_1_150' title='bbox 783 2145 921 2209; x_wconf 92' lang='lat' dir='ltr'>Milonis</span> <span class='ocrx_word' id='word_1_151' title='bbox 937 2146 1082 2210; x_wconf 84' lang='lat' dir='ltr'>inimicis</span> <span class='ocrx_word' id='word_1_152' title='bbox 1097 2147 1291 2230; x_wconf 84' lang='lat' dir='ltr'>saepissime</span> 
     </span>
    </p>
   </div>
   <div class='ocr_carea' id='block_1_3' title="bbox 202 2248 1293 2860">
    <p class='ocr_par' dir='ltr' id='par_1_6' title="bbox 202 2248 1293 2860">
     <span class='ocr_line' id='line_1_19' title="bbox 242 2248 1291 2335; baseline -0.001 -21"><span class='ocrx_word' id='word_1_153' title='bbox 242 2251 374 2322; x_wconf 86' lang='lat' dir='ltr'>dicitur,</span> <span class='ocrx_word' id='word_1_154' title='bbox 390 2250 534 2326; x_wconf 87' lang='lat' dir='ltr'>eaedem,</span> <span class='ocrx_word' id='word_1_155' title='bbox 554 2252 588 2313; x_wconf 92' lang='lat' dir='ltr'>in</span> <span class='ocrx_word' id='word_1_156' title='bbox 605 2272 673 2335; x_wconf 91' lang='lat' dir='ltr'>qua</span> <span class='ocrx_word' id='word_1_157' title='bbox 689 2249 726 2312; x_wconf 89' lang='lat' dir='ltr'>P.</span> <span class='ocrx_word' id='word_1_158' title='bbox 745 2248 885 2314; x_wconf 86' lang='lat' dir='ltr'>Clodius</span> <span class='ocrx_word' id='word_1_159' title='bbox 905 2250 1035 2314; x_wconf 86' lang='lat' dir='ltr'>occisus</span> <span class='ocrx_word' id='word_1_160' title='bbox 1058 2259 1119 2326; x_wconf 87' lang='lat' dir='ltr'>est,</span> <span class='ocrx_word' id='word_1_161' title='bbox 1136 2258 1291 2314; x_wconf 88' lang='lat' dir='ltr'>senatum</span> 
     </span>
     <span class='ocr_line' id='line_1_20' title="bbox 243 2353 1292 2439; baseline 0 -21"><span class='ocrx_word' id='word_1_162' title='bbox 243 2355 405 2419; x_wconf 86' lang='lat' dir='ltr'>iudicasse</span> <span class='ocrx_word' id='word_1_163' title='bbox 422 2363 538 2419; x_wconf 87' lang='lat' dir='ltr'>eontra</span> <span class='ocrx_word' id='word_1_164' title='bbox 555 2376 623 2419; x_wconf 89' lang='lat' dir='ltr'>rem</span> <span class='ocrx_word' id='word_1_165' title='bbox 640 2353 810 2439; x_wconf 89' lang='lat' dir='ltr'>publicam</span> <span class='ocrx_word' id='word_1_166' title='bbox 826 2375 897 2419; x_wconf 86' lang='lat' dir='ltr'>esse</span> <span class='ocrx_word' id='word_1_167' title='bbox 914 2353 1047 2418; x_wconf 84' lang='lat' dir='ltr'>factam.</span> <span class='ocrx_word' id='word_1_168' title='bbox 1095 2353 1192 2418; x_wconf 86' lang='lat' dir='ltr'>Illam</span> <span class='ocrx_word' id='word_1_169' title='bbox 1210 2375 1292 2419; x_wconf 89' lang='lat' dir='ltr'>vero</span> 
     </span>
     <span class='ocr_line' id='line_1_21' title="bbox 242 2457 1292 2533; baseline -0.002 -9"><span class='ocrx_word' id='word_1_170' title='bbox 242 2469 378 2524; x_wconf 83' lang='lat' dir='ltr'>senatus</span> <span class='ocrx_word' id='word_1_171' title='bbox 409 2481 473 2522; x_wconf 91' lang='lat' dir='ltr'>uon</span> <span class='ocrx_word' id='word_1_172' title='bbox 502 2459 679 2523; x_wconf 88' lang='lat' dir='ltr'>sententiis</span> <span class='ocrx_word' id='word_1_173' title='bbox 706 2459 776 2522; x_wconf 88' lang='lat' dir='ltr'>suis</span> <span class='ocrx_word' id='word_1_174' title='bbox 803 2459 922 2533; x_wconf 86' lang='lat' dir='ltr'>solum,</span> <span class='ocrx_word' id='word_1_175' title='bbox 947 2457 1007 2522; x_wconf 90' lang='lat' dir='ltr'>sed</span> <span class='ocrx_word' id='word_1_176' title='bbox 1037 2458 1139 2523; x_wconf 87' lang='lat' dir='ltr'>etiarn</span> <span class='ocrx_word' id='word_1_177' title='bbox 1169 2458 1292 2523; x_wconf 90' lang='lat' dir='ltr'>studiis</span> 
     </span>
     <span class='ocr_line' id='line_1_22' title="bbox 202 2561 1293 2648; baseline 0.002 -24"><span class='ocrx_word' id='word_1_178' title='bbox 202 2580 218 2624; x_wconf 86' lang='lat'><strong>5</strong></span> <span class='ocrx_word' id='word_1_179' title='bbox 240 2563 478 2648; x_wconf 82' lang='lat' dir='ltr'>comprobavit.</span> <span class='ocrx_word' id='word_1_180' title='bbox 527 2561 693 2640; x_wconf 84' lang='lat' dir='ltr'>Quotiens</span> <span class='ocrx_word' id='word_1_181' title='bbox 707 2563 797 2626; x_wconf 89' lang='lat' dir='ltr'>enim</span> <span class='ocrx_word' id='word_1_182' title='bbox 813 2569 865 2626; x_wconf 88' lang='lat' dir='ltr'>est</span> <span class='ocrx_word' id='word_1_183' title='bbox 881 2563 939 2625; x_wconf 91' lang='lat' dir='ltr'>illa</span> <span class='ocrx_word' id='word_1_184' title='bbox 955 2583 1090 2626; x_wconf 84' lang='lat' dir='ltr'>causac</span> <span class='ocrx_word' id='word_1_185' title='bbox 1106 2561 1201 2626; x_wconf 88' lang='lat' dir='ltr'>uobis</span> <span class='ocrx_word' id='word_1_186' title='bbox 1216 2570 1293 2626; x_wconf 86' lang='lat' dir='ltr'>acta</span> 
     </span>
     <span class='ocr_line' id='line_1_23' title="bbox 242 2666 1292 2752; baseline -0.001 -21"><span class='ocrx_word' id='word_1_187' title='bbox 242 2671 275 2731; x_wconf 91' lang='lat' dir='ltr'>in</span> <span class='ocrx_word' id='word_1_188' title='bbox 292 2677 412 2732; x_wconf 89' lang='lat' dir='ltr'>senatu</span> <span class='ocrx_word' id='word_1_189' title='bbox 438 2667 560 2751; x_wconf 88' lang='lat' dir='ltr'>quibus</span> <span class='ocrx_word' id='word_1_190' title='bbox 584 2667 833 2732; x_wconf 85' lang='lat' dir='ltr'>assensionibus</span> <span class='ocrx_word' id='word_1_191' title='bbox 861 2668 1012 2732; x_wconf 89' lang='lat' dir='ltr'>universi</span> <span class='ocrx_word' id='word_1_192' title='bbox 1036 2666 1172 2743; x_wconf 90' lang='lat' dir='ltr'>01dinis‚</span> <span class='ocrx_word' id='word_1_193' title='bbox 1189 2689 1292 2752; x_wconf 89' lang='lat' dir='ltr'>quarn</span> 
     </span>
     <span class='ocr_line' id='line_1_24' title="bbox 244 2769 1293 2860; baseline 0.002 -26"><span class='ocrx_word' id='word_1_194' title='bbox 244 2793 304 2836; x_wconf 91' lang='lat' dir='ltr'>uec</span> <span class='ocrx_word' id='word_1_195' title='bbox 321 2773 431 2836; x_wconf 86' lang='lat' dir='ltr'>tacitis</span> <span class='ocrx_word' id='word_1_196' title='bbox 449 2793 509 2835; x_wconf 88' lang='lat' dir='ltr'>neu</span> <span class='ocrx_word' id='word_1_197' title='bbox 527 2771 686 2835; x_wconf 80' lang='lat' dir='ltr'>occultis!</span> <span class='ocrx_word' id='word_1_198' title='bbox 735 2770 879 2849; x_wconf 81' lang='lat' dir='ltr'>Quando</span> <span class='ocrx_word' id='word_1_199' title='bbox 903 2771 992 2834; x_wconf 90' lang='lat' dir='ltr'>enim</span> <span class='ocrx_word' id='word_1_200' title='bbox 1015 2769 1293 2860; x_wconf 79' lang='lat' dir='ltr'>frequentissimo</span> 
     </span>
    </p>
   </div>
   <div class='ocr_carea' id='block_1_4' title="bbox 231 3057 1293 3895">
    <p class='ocr_par' dir='ltr' id='par_1_7' title="bbox 239 3057 1293 3276">
     <span class='ocr_line' id='line_1_25' title="bbox 239 3057 1293 3125; baseline -0.003 -13"><span class='ocrx_word' id='word_1_201' title='bbox 239 3063 369 3112; x_wconf 83' lang='lat' dir='ltr'>educaied</span> <span class='ocrx_word' id='word_1_202' title='bbox 382 3063 500 3125; x_wconf 80' lang='lat' dir='ltr'>upton,</span> <span class='ocrx_word' id='word_1_203' title='bbox 514 3062 563 3112; x_wconf 82' lang='lat' dir='ltr'>but</span> <span class='ocrx_word' id='word_1_204' title='bbox 575 3062 654 3112; x_wconf 90' lang='lat' dir='ltr'>made</span> <span class='ocrx_word' id='word_1_205' title='bbox 665 3062 709 3113; x_wconf 86' lang='lat' dir='ltr'>for</span> <span class='ocrx_word' id='word_1_206' title='bbox 720 3063 753 3110; x_wconf 88' lang='lat' dir='ltr'>it:</span> <span class='ocrx_word' id='word_1_207' title='bbox 779 3066 827 3111; x_wconf 87' lang='lat' dir='ltr'>noi</span> <span class='ocrx_word' id='word_1_208' title='bbox 852 3061 900 3111; x_wconf 86' lang='lat' dir='ltr'>the</span> <span class='ocrx_word' id='word_1_209' title='bbox 916 3066 968 3111; x_wconf 86' lang='lat' dir='ltr'>aci.</span> <span class='ocrx_word' id='word_1_210' title='bbox 1004 3059 1065 3110; x_wconf 89' lang='lat' dir='ltr'>hoo</span> <span class='ocrx_word' id='word_1_211' title='bbox 1088 3062 1219 3117; x_wconf 77' lang='lat' dir='ltr'>maneat,</span> <span class='ocrx_word' id='word_1_212' title='bbox 1238 3057 1293 3110; x_wconf 85' lang='lat' dir='ltr'>‘let</span> 
     </span>
     <span class='ocr_line' id='line_1_26' title="bbox 240 3136 1149 3200; baseline -0.004 -11"><span class='ocrx_word' id='word_1_213' title='bbox 240 3154 279 3190; x_wconf 86' lang='lat' dir='ltr'>ue</span> <span class='ocrx_word' id='word_1_214' title='bbox 298 3153 366 3189; x_wconf 86' lang='lat' dir='ltr'>were</span> <span class='ocrx_word' id='word_1_215' title='bbox 386 3145 434 3189; x_wconf 83' lang='lat' dir='ltr'>not</span> <span class='ocrx_word' id='word_1_216' title='bbox 455 3139 560 3189; x_wconf 78' lang='lat' dir='ltr'>trained</span> <span class='ocrx_word' id='word_1_217' title='bbox 579 3139 628 3189; x_wconf 86' lang='lat' dir='ltr'>but</span> <span class='ocrx_word' id='word_1_218' title='bbox 645 3139 752 3188; x_wconf 88' lang='lat' dir='ltr'>imbued</span> <span class='ocrx_word' id='word_1_219' title='bbox 778 3137 833 3187; x_wconf 85' lang='lat' dir='ltr'>this</span> <span class='ocrx_word' id='word_1_220' title='bbox 845 3137 977 3200; x_wconf 78' lang='lat' dir='ltr'>principle</span> <span class='ocrx_word' id='word_1_221' title='bbox 990 3137 1022 3188; x_wconf 85' lang='lat' dir='ltr'>be</span> <span class='ocrx_word' id='word_1_222' title='bbox 1034 3136 1149 3187; x_wconf 66' lang='lat' dir='ltr'>settled!</span> 
     </span>
     <span class='ocr_line' id='line_1_27' title="bbox 240 3217 509 3276; baseline 0.007 -11"><span class='ocrx_word' id='word_1_223' title='bbox 240 3217 268 3265; x_wconf 87' lang='lat' dir='ltr'>in</span> <span class='ocrx_word' id='word_1_224' title='bbox 281 3217 311 3276; x_wconf 80' lang='lat' dir='ltr'>it,</span> <span class='ocrx_word' id='word_1_225' title='bbox 324 3218 435 3276; x_wconf 83' lang='lat' dir='ltr'>sothai,</span> <span class='ocrx_word' id='word_1_226' title='bbox 448 3217 509 3266; x_wconf 80' lang='lat' dir='ltr'>etc’</span> 
     </span>
    </p>

    <p class='ocr_par' dir='ltr' id='par_1_8' title="bbox 231 3287 1293 3895">
     <span class='ocr_line' id='line_1_28' title="bbox 272 3287 1292 3355; baseline -0.005 -14"><span class='ocrx_word' id='word_1_227' title='bbox 272 3293 336 3354; x_wconf 63' lang='lat' dir='ltr'>tii.</span> <span class='ocrx_word' id='word_1_228' title='bbox 357 3291 457 3341; x_wconf 81' lang='lat'><strong>22-27.</strong></span> <span class='ocrx_word' id='word_1_229' title='bbox 474 3292 549 3351; x_wconf 77' lang='lat' dir='ltr'>Etsi,</span> <span class='ocrx_word' id='word_1_230' title='bbox 577 3292 647 3343; x_wconf 87' lang='lat' dir='ltr'>‘and</span> <span class='ocrx_word' id='word_1_231' title='bbox 676 3292 750 3355; x_wconf 77' lang='lat' dir='ltr'>yett’</span> <span class='ocrx_word' id='word_1_232' title='bbox 810 3287 1042 3354; x_wconf 69' lang='lat' dir='ltr'>(coruncano.)</span> <span class='ocrx_word' id='word_1_233' title='bbox 1071 3291 1094 3339; x_wconf 78' lang='lat'>2.</span> <span class='ocrx_word' id='word_1_234' title='bbox 1124 3288 1223 3338; x_wconf 79' lang='lat' dir='ltr'>“Thai</span> <span class='ocrx_word' id='word_1_235' title='bbox 1243 3288 1292 3337; x_wconf 87' lang='lat' dir='ltr'>the</span> 
     </span>
     <span class='ocr_line' id='line_1_29' title="bbox 231 3352 1293 3432; baseline -0.007 -14"><span class='ocrx_word' id='word_1_236' title='bbox 231 3352 275 3418; x_wconf 67' lang='lat' dir='ltr'>&#39;ct</span> <span class='ocrx_word' id='word_1_237' title='bbox 295 3383 463 3432; x_wconf 79' lang='lat' dir='ltr'>quamquam</span> <span class='ocrx_word' id='word_1_238' title='bbox 481 3371 508 3418; x_wconf 90' lang='lat' dir='ltr'>iu</span> <span class='ocrx_word' id='word_1_239' title='bbox 527 3371 573 3418; x_wconf 85' lang='lat' dir='ltr'>ibe</span> <span class='ocrx_word' id='word_1_240' title='bbox 590 3383 664 3419; x_wconf 84' lang='lat' dir='ltr'>same</span> <span class='ocrx_word' id='word_1_241' title='bbox 682 3370 752 3432; x_wconf 84' lang='lat' dir='ltr'>posi·</span> <span class='ocrx_word' id='word_1_242' title='bbox 776 3368 876 3418; x_wconf 86' lang='lat' dir='ltr'>Senate</span> <span class='ocrx_word' id='word_1_243' title='bbox 888 3367 942 3417; x_wconf 89' lang='lat' dir='ltr'>had</span> <span class='ocrx_word' id='word_1_244' title='bbox 954 3364 1293 3429; x_wconf 86' lang='lat' dir='ltr'>pronouncedthekiiling</span> 
     </span>
     <span class='ocr_line' id='line_1_30' title="bbox 240 3441 1293 3504; baseline -0.003 -11"><span class='ocrx_word' id='word_1_245' title='bbox 240 3447 307 3495; x_wconf 77' lang='lat' dir='ltr'>tion.</span> <span class='ocrx_word' id='word_1_246' title='bbox 344 3447 369 3494; x_wconf 82' lang='lat' dir='ltr'>Ii</span> <span class='ocrx_word' id='word_1_247' title='bbox 387 3447 449 3495; x_wconf 89' lang='lat' dir='ltr'>bere</span> <span class='ocrx_word' id='word_1_248' title='bbox 466 3452 582 3495; x_wconf 83' lang='lat' dir='ltr'>correcta</span> <span class='ocrx_word' id='word_1_249' title='bbox 605 3447 652 3494; x_wconf 84' lang='lat' dir='ltr'>ibe</span> <span class='ocrx_word' id='word_1_250' title='bbox 671 3450 753 3495; x_wconf 85' lang='lat' dir='ltr'>state-</span> <span class='ocrx_word' id='word_1_251' title='bbox 776 3445 806 3494; x_wconf 81' lang='lat' dir='ltr'>of</span> <span class='ocrx_word' id='word_1_252' title='bbox 834 3444 946 3494; x_wconf 79' lang='lat' dir='ltr'>Clodius</span> <span class='ocrx_word' id='word_1_253' title='bbox 968 3457 985 3493; x_wconf 87' lang='lat' dir='ltr'>a</span> <span class='ocrx_word' id='word_1_254' title='bbox 1008 3443 1091 3493; x_wconf 85' lang='lat' dir='ltr'>crime</span> <span class='ocrx_word' id='word_1_255' title='bbox 1114 3443 1221 3504; x_wconf 80' lang='lat' dir='ltr'>against</span> <span class='ocrx_word' id='word_1_256' title='bbox 1244 3441 1293 3490; x_wconf 83' lang='lat' dir='ltr'>tire</span> 
     </span>
     <span class='ocr_line' id='line_1_31' title="bbox 240 3517 1292 3583; baseline -0.004 -12"><span class='ocrx_word' id='word_1_257' title='bbox 240 3522 534 3583; x_wconf 77' lang='lat' dir='ltr'>menilcpesin&#39;lenioi</span> <span class='ocrx_word' id='word_1_258' title='bbox 551 3522 567 3570; x_wconf 93' lang='lat' dir='ltr'>i.</span> <span class='ocrx_word' id='word_1_259' title='bbox 582 3524 621 3571; x_wconf 88' lang='grc'>19.</span> <span class='ocrx_word' id='word_1_260' title='bbox 655 3520 752 3570; x_wconf 88' lang='lat' dir='ltr'>homi·</span> <span class='ocrx_word' id='word_1_261' title='bbox 776 3520 881 3582; x_wconf 80' lang='lat' dir='ltr'>State,&#39;&#39;</span> <span class='ocrx_word' id='word_1_262' title='bbox 907 3521 938 3582; x_wconf 61' lang='grc' dir='ltr'>ξς</span> <span class='ocrx_word' id='word_1_263' title='bbox 962 3521 1048 3569; x_wconf 77' lang='grc'><strong>12-14.</strong></span> <span class='ocrx_word' id='word_1_264' title='bbox 1084 3519 1178 3568; x_wconf 83' lang='lat' dir='ltr'>Cicero</span> <span class='ocrx_word' id='word_1_265' title='bbox 1195 3517 1292 3578; x_wconf 84' lang='lat' dir='ltr'>replies</span> 
     </span>
     <span class='ocr_line' id='line_1_32' title="bbox 240 3594 1293 3658; baseline -0.006 -11"><span class='ocrx_word' id='word_1_266' title='bbox 240 3599 289 3647; x_wconf 74' lang='lat' dir='ltr'>niu</span> <span class='ocrx_word' id='word_1_267' title='bbox 323 3598 492 3649; x_wconf 82' lang='lat' dir='ltr'>occidendi</span> <span class='ocrx_word' id='word_1_268' title='bbox 525 3609 638 3647; x_wconf 81' lang='lat' dir='ltr'>causa:</span> <span class='ocrx_word' id='word_1_269' title='bbox 664 3600 752 3647; x_wconf 83' lang='lat' dir='ltr'>-these</span> <span class='ocrx_word' id='word_1_270' title='bbox 776 3598 836 3647; x_wconf 84' lang='lat' dir='ltr'>ibat</span> <span class='ocrx_word' id='word_1_271' title='bbox 853 3599 901 3646; x_wconf 83' lang='lat' dir='ltr'>tha</span> <span class='ocrx_word' id='word_1_272' title='bbox 918 3603 1010 3646; x_wconf 84' lang='lat' dir='ltr'>senate</span> <span class='ocrx_word' id='word_1_273' title='bbox 1029 3594 1166 3658; x_wconf 83' lang='lat' dir='ltr'>approved</span> <span class='ocrx_word' id='word_1_274' title='bbox 1183 3595 1231 3642; x_wconf 85' lang='lat' dir='ltr'>tire</span> <span class='ocrx_word' id='word_1_275' title='bbox 1247 3602 1293 3642; x_wconf 84' lang='lat' dir='ltr'>act</span> 
     </span>
     <span class='ocr_line' id='line_1_33' title="bbox 240 3670 1292 3736; baseline -0.007 -12"><span class='ocrx_word' id='word_1_276' title='bbox 240 3675 328 3724; x_wconf 85' lang='lat' dir='ltr'>words</span> <span class='ocrx_word' id='word_1_277' title='bbox 339 3675 434 3725; x_wconf 86' lang='lat' dir='ltr'>Cicero</span> <span class='ocrx_word' id='word_1_278' title='bbox 445 3676 538 3724; x_wconf 87' lang='lat' dir='ltr'>makes</span> <span class='ocrx_word' id='word_1_279' title='bbox 555 3675 601 3722; x_wconf 83' lang='lat' dir='ltr'>tire</span> <span class='ocrx_word' id='word_1_280' title='bbox 615 3675 751 3736; x_wconf 84' lang='lat' dir='ltr'>emphatic</span> <span class='ocrx_word' id='word_1_281' title='bbox 777 3673 801 3736; x_wconf 70' lang='lat' dir='ltr'>(i</span> <span class='ocrx_word' id='word_1_282' title='bbox 815 3674 865 3736; x_wconf 80' lang='lat'>12),</span> <span class='ocrx_word' id='word_1_283' title='bbox 885 3675 947 3723; x_wconf 79' lang='lat' dir='ltr'>that</span> <span class='ocrx_word' id='word_1_284' title='bbox 969 3675 1016 3722; x_wconf 85' lang='lat' dir='ltr'>the</span> <span class='ocrx_word' id='word_1_285' title='bbox 1039 3671 1155 3721; x_wconf 88' lang='lat' dir='ltr'>unusual</span> <span class='ocrx_word' id='word_1_286' title='bbox 1175 3672 1245 3718; x_wconf 85' lang='lat' dir='ltr'>icnn</span> <span class='ocrx_word' id='word_1_287' title='bbox 1261 3670 1292 3719; x_wconf 82' lang='lat' dir='ltr'>oi</span> 
     </span>
     <span class='ocr_line' id='line_1_34' title="bbox 241 3745 1293 3814; baseline -0.007 -15"><span class='ocrx_word' id='word_1_288' title='bbox 241 3753 343 3800; x_wconf 78' lang='lat' dir='ltr'>enasci</span> <span class='ocrx_word' id='word_1_289' title='bbox 353 3753 400 3801; x_wconf 86' lang='lat' dir='ltr'>the</span> <span class='ocrx_word' id='word_1_290' title='bbox 410 3752 473 3814; x_wconf 82' lang='lat' dir='ltr'>law3</span> <span class='ocrx_word' id='word_1_291' title='bbox 492 3751 591 3812; x_wconf 88' lang='lat' dir='ltr'>i.e.‚he</span> <span class='ocrx_word' id='word_1_292' title='bbox 603 3763 682 3813; x_wconf 81' lang='lat' dir='ltr'>urges</span> <span class='ocrx_word' id='word_1_293' title='bbox 691 3752 751 3800; x_wconf 84' lang='lat' dir='ltr'>that</span> <span class='ocrx_word' id='word_1_294' title='bbox 775 3751 968 3812; x_wconf 79' lang='lat' dir='ltr'>investigaiicn</span> <span class='ocrx_word' id='word_1_295' title='bbox 998 3762 1051 3798; x_wconf 84' lang='lat' dir='ltr'>was</span> <span class='ocrx_word' id='word_1_296' title='bbox 1076 3749 1129 3796; x_wconf 86' lang='lat' dir='ltr'>due</span> <span class='ocrx_word' id='word_1_297' title='bbox 1158 3753 1187 3794; x_wconf 87' lang='lat' dir='ltr'>io</span> <span class='ocrx_word' id='word_1_298' title='bbox 1213 3745 1293 3794; x_wconf 90' lang='lat' dir='ltr'>Pom-</span> 
     </span>
     <span class='ocr_line' id='line_1_35' title="bbox 240 3821 1292 3895; baseline -0.007 -17"><span class='ocrx_word' id='word_1_299' title='bbox 240 3828 290 3878; x_wconf 81' lang='lat' dir='ltr'>the</span> <span class='ocrx_word' id='word_1_300' title='bbox 300 3827 351 3878; x_wconf 86' lang='lat' dir='ltr'>law</span> <span class='ocrx_word' id='word_1_301' title='bbox 363 3841 418 3878; x_wconf 80' lang='lat' dir='ltr'>was</span> <span class='ocrx_word' id='word_1_302' title='bbox 430 3828 519 3878; x_wconf 88' lang='lat' dir='ltr'>aimed</span> <span class='ocrx_word' id='word_1_303' title='bbox 534 3832 563 3880; x_wconf 87' lang='lat' dir='ltr'>ai</span> <span class='ocrx_word' id='word_1_304' title='bbox 578 3827 625 3882; x_wconf 77' lang='lat' dir='ltr'>the</span> <span class='ocrx_word' id='word_1_305' title='bbox 639 3828 750 3895; x_wconf 76' lang='lat' dir='ltr'>motivo,</span> <span class='ocrx_word' id='word_1_306' title='bbox 760 3851 764 3884; x_wconf 73' lang='lat' dir='ltr'>i</span> <span class='ocrx_word' id='word_1_307' title='bbox 776 3827 861 3892; x_wconf 85' lang='lat' dir='ltr'>peius,</span> <span class='ocrx_word' id='word_1_308' title='bbox 886 3832 937 3876; x_wconf 80' lang='lat' dir='ltr'>noi</span> <span class='ocrx_word' id='word_1_309' title='bbox 958 3833 986 3877; x_wconf 83' lang='lat' dir='ltr'>io</span> <span class='ocrx_word' id='word_1_310' title='bbox 1010 3827 1059 3876; x_wconf 82' lang='lat' dir='ltr'>the</span> <span class='ocrx_word' id='word_1_311' title='bbox 1081 3829 1175 3874; x_wconf 84' lang='lat' dir='ltr'>senate</span> <span class='ocrx_word' id='word_1_312' title='bbox 1193 3821 1219 3886; x_wconf 68' lang='lat' dir='ltr'>(t</span> <span class='ocrx_word' id='word_1_313' title='bbox 1238 3821 1292 3885; x_wconf 77' lang='lat'>13),</span> 
     </span>
    </p>
   </div>
   <div class='ocr_carea' id='block_1_5' title="bbox 0 0 1443 4378">
    <p class='ocr_par' dir='ltr' id='par_1_9' title="bbox 0 0 1443 4378">
     <span class='ocr_line' id='line_1_36' title="bbox 0 0 1443 4378; baseline 0 0"><span class='ocrx_word' id='word_1_314' title='bbox 0 0 1443 4378; x_wconf 95' lang='lat' dir='ltr'> </span> 
     </span>
    </p>
   </div>
  </div>
 </body>
</html>
