2954 4374
229 394 293 460 212
556 389 627 457 r'rro
651 407 680 456 n.
706 407 866 458 nunnus
890 407 1038 460 oalrro.

278 581 428 646 intonuit
444 602 511 644 vox
534 579 720 666 perniciosa
745 577 912 665 designati
937 578 1073 656 tribuni,
1091 581 1239 668 collegae
1256 583 1326 658 tui;

241 699 256 744 o
278 693 395 750 contra
420 706 521 769 quem
549 684 695 748 multum
723 691 782 747 tua
807 704 911 760 mens,
940 684 1086 748 multum
1112 707 1225 750 omnes
1248 686 1326 750 boni

279 789 508 876 providerunt,
522 789 582 874 qui
597 795 631 854 tc
641 787 684 852 ad
697 788 887 852 tribunatus
898 789 1096 872 petitionem
1108 799 1326 856 vocaverunt.

280 893 411 969 Omnia,
435 914 520 977 quac
546 914 605 977 per
627 891 690 956 boc
718 890 900 956 triennium
926 892 1052 976 agitata
1074 900 1164 968 sunt,
1188 894 1254 956 iam
1285 894 1328 959 ab

279 1021 319 1063 eo
346 1005 505 1082 ternpore,
534 1018 601 1081 quo
627 1018 647 1060 a
673 995 712 1058 L.
742 995 888 1059 Catilina
916 1004 951 1060 et
975 995 1037 1059 Cn.
1055 996 1179 1062 Pisone
1203 999 1326 1062 initum

280 1103 454 1168 consilinm
473 1109 608 1166 senatus
635 1099 856 1165 interficiendi
881 1101 975 1165 scitis
1001 1123 1083 1178 esse,
1100 1103 1134 1164 in
1160 1102 1218 1166 hos
1244 1102 1325 1178 dieu,

139 1287 142 1291 Ι
228 1212 267 1273 82
282 1208 317 1271 in
333 1207 393 1271 hos
421 1228 560 1282 menses
588 1207 624 1269 in
649 1205 711 1269 hoc
739 1213 871 1290 tempus
899 1211 1089 1290 erumpunt.
1137 1205 1205 1286 Qui
1232 1208 1327 1273 locus
1415 1257 1420 1266 .

230 1328 254 1371 n
279 1319 340 1387 est,
358 1311 495 1386 iudices
513 1309 605 1395 quod
632 1318 775 1394 ternpus,
793 1310 852 1394 qui
868 1309 950 1386 dies,
968 1332 1053 1395 quae
1077 1332 1155 1386 nox,
1172 1332 1248 1375 cum
1264 1334 1326 1399 ego

280 1436 346 1478 non
377 1437 418 1478 ex
452 1416 589 1479 istorum
622 1414 753 1478 insidiis
790 1435 828 1477 ac
863 1413 1078 1478 mucronibus
1113 1435 1179 1477 non
1217 1416 1326 1479 solum

280 1541 362 1596 mec,
391 1517 451 1584 sed
478 1519 585 1583 multo
621 1519 722 1583 etiam
749 1518 855 1604 magis
888 1518 1003 1582 divino
1034 1519 1175 1583 consilio
1207 1519 1328 1605 eripiar

279 1629 382 1708 atque
398 1623 553 1688 evolem?
598 1622 716 1706 Neque
733 1623 789 1686 isti
812 1644 864 1687 me
881 1644 955 1687 meo
971 1623 1106 1687 nomine
1130 1624 1327 1699 interficere,

196 1724 198 1728 ’
230 1746 257 1790 15
278 1726 338 1812 sed
369 1727 567 1814 vigilantem
598 1727 768 1791 consulem
807 1725 847 1790 de
886 1727 933 1790 rei
971 1725 1123 1811 publicae
1162 1726 1327 1812 praesidio

279 1831 454 1915 demovere
482 1830 623 1906 volunt3
648 1852 709 1895 nec
735 1831 845 1894 minus
858 1894 861 1898 ,
873 1830 1011 1906 vellent,
1029 1829 1124 1906 Cato,
1141 1840 1174 1896 te
1191 1853 1326 1917 quoque

279 1935 393 2020 aliqua
409 1935 548 2011 ratione,
565 1935 593 1998 si
609 1941 756 2020 possent,
775 1934 912 2010 tollere3
937 1934 970 1998 id
995 1933 1097 2018 quod,
1115 1935 1195 1998 mihi
1219 1936 1327 2012 crede,

279 2047 315 2104 et
343 2047 451 2126 agunt
480 2048 515 2104 et
545 2039 739 2103 moliuntur.
786 2038 925 2114 Vident,
957 2046 1122 2124 quantum
1154 2039 1189 2102 in
1220 2047 1253 2104 te
1282 2041 1328 2105 sit

279 2145 391 2220 animi,
423 2151 588 2228 quantum
620 2143 757 2230 ingenii,
787 2149 951 2228 quantum
980 2144 1200 2220 auctoritatis,
1225 2166 1328 2230 quan-

228 2261 257 2306 20
279 2257 351 2313 turn
368 2250 414 2314 rei
431 2249 583 2334 publicae
599 2248 755 2335 praesidii
770 2271 778 2323 3
801 2247 870 2324 sed,
887 2270 965 2313 cum
992 2249 1159 2312 consulari
1186 2251 1329 2314 auctori-

280 2361 348 2418 tate
385 2361 421 2418 et
449 2354 575 2417 auxilio
613 2354 790 2438 spoliatam
820 2353 889 2417 vim
927 2351 1140 2417 tribuniciam
1170 2353 1326 2429 viderint,

279 2464 352 2522 turn
367 2479 402 2523 se
418 2456 551 2522 facilius
578 2459 737 2522 inermem
755 2464 790 2520 et
815 2455 1028 2520 debilitatum
1054 2464 1088 2522 te
1112 2478 1326 2542 oppressuros

279 2562 492 2627 arbitrantur.
539 2561 634 2638 Nam,
664 2582 704 2625 ne
735 2559 921 2624 sufficiatur
951 2561 1078 2637 consul,
1104 2582 1171 2624 non
1194 2563 1326 2626 timent.

281 2666 409 2731 Vident
424 2667 458 2728 in
488 2674 624 2731 tuorum
652 2671 817 2750 potestate
845 2664 1050 2750 collegarum
1076 2664 1166 2741 fore3
1191 2675 1328 2751 sperant

228 2783 256 2827 25
278 2770 341 2835 sibi
366 2771 408 2834 D.
435 2770 596 2846 Silanum,
624 2770 751 2833 clarum
779 2769 899 2846 virum,
928 2770 1000 2835 sine
1028 2769 1165 2856 collega,
1193 2778 1227 2835 te
1254 2772 1326 2835 sine

279 2873 427 2950 consule,
466 2896 536 2938 rem
575 2872 743 2958 publicam
781 2874 853 2938 sine
891 2873 1058 2959 praesidio
1096 2873 1182 2938 obici
1220 2896 1326 2959 posse.

226 2981 266 3044 83
284 2979 346 3043 His
374 2980 478 3044 tantis
503 2979 538 3040 in
564 2977 663 3043 rebus
691 2978 862 3063 tantisque
888 2978 923 3040 in
948 2978 1104 3062 periculis
1135 2986 1187 3043 est
1218 2986 1325 3055 tuum,

310 3187 336 3236 4.
353 3186 508 3248 designati
516 3185 641 3242 tribuni,
653 3184 685 3246 Q.
700 3186 794 3235 Metel·
813 3184 897 3245 salex
927 3198 944 3233 a
974 3185 1117 3247 metaphor
1144 3185 1215 3234 from
1245 3185 1328 3234 book·

278 3262 792 3326 lnsNepos‚Oicero’spersonalenemy.
813 3262 936 3323 keeping,
955 3261 1044 3310 where
1061 3263 1108 3311 the
1129 3259 1276 3311 ‘account'
1298 3262 1328 3312 of

180 3343 184 3354 “
235 3343 238 3348 ’
310 3338 375 3396 αθ.
395 3353 414 3388 a
437 3338 577 3395 Catilina,
600 3345 661 3398 etc..
684 3340 730 3388 the
752 3353 793 3388 so·
812 3338 860 3387 the
881 3351 977 3399 person
995 3337 1084 3387 would
1103 3338 1136 3387 be
1156 3339 1221 3401 kept
1240 3339 1328 3388 under

278 3415 363 3464 called
393 3417 463 3465 First
491 3415 665 3477 conspiracy,
695 3431 720 3478 p.
751 3416 791 3476 23,
813 3415 855 3463 his
867 3427 946 3463 name
959 3415 1086 3475 (nomen).

279 3492 309 3553 ἐξ
321 3492 408 3542 30-32.
443 3493 483 3549 in.
497 3492 605 3554 ‘upon,’
621 3497 669 3542 not
682 3491 689 3516 ‘
700 3491 747 3542 in.’
844 3490 890 3538 18.
908 3493 1003 3552 agunt
1020 3493 1053 3539 et
1070 3490 1247 3548 moliuntur,
1266 3491 1327 3542 ‘are

313 3569 377 3631 §aa
397 3568 500 3625 121³.
517 3580 581 3618 non
604 3569 706 3618 solum
728 3605 734 3616 .
757 3604 763 3616 .
786 3604 792 3616 .
812 3567 974 3628 aimingand
982 3568 1276 3630 workingat3'ct.§'l9.
1284 3569 1324 3618 31.

278 3645 336 3694 aad
348 3645 449 3694 etlam
485 3646 491 3669 ‘
503 3645 514 3693 1
527 3645 562 3694 do
578 3651 627 3695 not
644 3659 690 3708 say
702 3645 736 3708 by
749 3659 791 3706 my
844 3644 889 3700 24,
901 3644 948 3693 25.
964 3643 1046 3693 fore:
1064 3660 1100 3694 sc.
1115 3647 1165 3696 boc
1176 3669 1201 3695 =
1210 3659 1244 3695 ae
1255 3646 1327 3708 suffl-

279 3758 286 3772 .
306 3759 313 3774 .
333 3758 339 3771 .
359 3723 408 3772 but
436 3723 479 3771 far
500 3736 575 3772 more
599 3723 634 3785 by
657 3723 702 3771 the
720 3759 726 3772 .
746 3758 753 3771 .
773 3722 790 3771 .’
813 3723 904 3771 cietur
922 3721 1024 3772 consul.
1058 3721 1093 3769 D.
1106 3721 1255 3779 Silanum,
1267 3724 1327 3771 Mu-

279 3799 329 3850 See
340 3814 375 3849 on
389 3800 425 3849 II.
439 3800 465 3848 ⁵.
477 3799 500 3851 Ἰ.
812 3798 900 3847 rena's
912 3798 1057 3862 colleagne,
1071 3813 1097 3861 p.
1111 3799 1153 3860 33,
1167 3800 1181 3861 ξ
1194 3799 1233 3849 56.

312 3873 358 3922 14.
375 3873 578 3922 moonomino
589 3897 615 3922 =
626 3887 685 3923 mea
696 3887 789 3935 causa,
844 3875 908 3936 583.
928 3875 973 3923 2⁷.
991 3878 1041 3925 est
1058 3878 1154 3934 tuum,
1168 3875 1207 3926 ‘it
1224 3877 1248 3926 ls
1260 3890 1327 3945 your

281 3950 333 4011 ‘ou
355 3965 400 4021 my
422 3949 556 4016 account(
584 3949 643 3999 ‘for
664 3963 708 4018 my
730 3964 791 3999 own
811 3951 895 4021 duty.'
