2876 4378
259 284 323 350 596
524 296 595 346 PRO
615 295 646 345 T.
671 294 792 346 ANNIO
815 296 960 346 MILONE
983 295 1132 348 ORATIO.

313 471 398 536 scire
428 470 608 552 debemus)
641 475 676 534 et
705 469 897 534 amicissimi
928 469 1188 536 benivolentiam
1219 478 1257 537 et
1287 495 1368 560 gra·

260 575 438 640 levissimi
464 573 607 639 hominis
638 572 738 638 fidem
769 581 803 638 et
833 574 934 638 unius
967 580 1045 658 post
1078 574 1229 640 homines
1263 586 1365 641 nates

259 683 300 746 70
311 678 482 744 fortissimi
504 678 567 743 viri
592 678 859 764 magnitudinem
881 679 985 742 animi
1007 677 1185 744 desideres.
1233 679 1366 759 Quam·

313 803 414 868 quam
440 782 516 868 quis
546 781 608 847 hoc
639 781 761 858 credet,
786 781 847 846 On.
872 781 1082 867 Pompeium,
1106 783 1186 847 iuris
1218 783 1363 868 publici,

309 887 407 951 moris
446 887 617 962 maiorum,
649 886 696 950 rei
734 885 879 970 denique
917 885 1070 972 publicae
1107 888 1362 973 peritissimum,

313 1013 391 1056 cum
416 997 554 1056 senatus
584 991 615 1054 ei
646 991 859 1067 commiserit,
885 997 924 1055 ut
952 989 1092 1067 videret,
1116 1013 1157 1056 ne
1188 991 1273 1076 quid
1305 1014 1362 1056 res

259 1095 445 1180 republica
475 1094 669 1160 detrimenti
700 1102 841 1179 caperet,
874 1116 941 1179 quo
979 1117 1047 1160 uno
1078 1096 1244 1161 versiculo
1276 1098 1362 1161 satis

309 1199 428 1264 armati
458 1220 589 1284 semper
619 1198 773 1263 consules
804 1197 945 1264 luerunt
982 1200 1084 1264 etiam
1121 1201 1224 1264 nullis
1255 1202 1361 1264 armis

310 1303 407 1379 datis,
431 1303 521 1368 hunc
544 1303 706 1379 exercitu,
731 1304 820 1368 huno
852 1303 980 1368 dilectu
1006 1303 1085 1368 dato
1108 1304 1272 1370 iudicium
1302 1327 1363 1370 ex-

310 1415 523 1493 pectaturum
555 1407 658 1472 fuisse
689 1408 725 1469 in
757 1407 829 1472 eius
865 1408 1013 1472 consiliis
1043 1407 1265 1485 vindicandis,
1297 1411 1362 1493 qui

311 1514 345 1578 vi
375 1512 500 1578 iudicia
524 1513 595 1598 ipsa
618 1511 775 1576 tolleret?
823 1510 911 1576 Satis
934 1511 1120 1596 iudicatum
1143 1519 1194 1577 est
1215 1533 1235 1575 a
1259 1511 1362 1576 Pom-

257 1632 287 1678 m
308 1618 393 1702 peio,
416 1617 508 1694 satis,
532 1615 616 1682 falso
640 1616 705 1680 ista
736 1614 880 1680 conferri
904 1616 939 1678 in
965 1615 1136 1689 Milonem,
1164 1616 1223 1700 qui
1244 1616 1361 1702 legem

313 1721 404 1798 tulit,
435 1742 512 1807 que,
544 1726 584 1785 ut
613 1741 676 1806 ego
706 1720 825 1794 sentio,
858 1719 1021 1784 Milonem
1051 1718 1181 1784 absolvi
1210 1740 1230 1784 a
1260 1719 1362 1784 vobis

258 1829 295 1891 71
307 1833 485 1911 oporteret,
517 1831 557 1889 ut
577 1821 701 1889 'omnes
736 1823 949 1898 confitentur,
977 1823 1104 1888 liceret.
1151 1822 1251 1903 Quod
1274 1846 1361 1889 vero

266 1991 268 1995 ,
310 1930 345 1992 in
360 1930 420 1993 illo
444 1929 517 1994 loco
540 1936 641 2013 atque
663 1928 730 1991 illis
754 1925 964 2011 publicorum
987 1926 1227 2012 praesidiorum
1249 1929 1360 2012 copiis

307 2032 531 2098 circumfusus
557 2031 661 2107 sedet,
688 2031 770 2094 satis
801 2030 949 2096 declaret
974 2052 1101 2095 senon
1126 2038 1285 2096 terrorem
1309 2033 1361 2095 in-

257 2152 287 2198 25
309 2136 394 2201 ferre
434 2135 527 2201 vobis
561 2135 663 2220 (quid
701 2135 791 2200 enim
828 2136 939 2199 minus
977 2134 1036 2199 illo
1074 2134 1215 2222 dignum
1252 2157 1359 2219 quam

310 2250 503 2327 cogerent
535 2261 595 2306 vos
625 2260 704 2304 eum
734 2238 974 2316 condemnetis,
1007 2239 1042 2302 in
1074 2260 1175 2323 quem
1205 2239 1360 2304 animum

312 2344 485 2410 advertere
509 2345 579 2430 ipse
603 2351 638 2408 et
653 2365 743 2408 more
767 2343 929 2408 maiorum
951 2350 986 2408 et
1006 2363 1067 2407 suo
1090 2343 1161 2408 iure
1183 2351 1297 2428 posset
1306 2344 1359 2429 ἲ),

310 2447 368 2514 sed
399 2447 565 2534 praesidio
595 2469 677 2530 esse,
709 2454 749 2510 ut
779 2446 985 2534 intellegatis
1016 2454 1133 2512 contra
1162 2447 1359 2513 hesternam

309 2672 630 2736 CaesarandPompeius
643 2671 754 2735 (49-45),
767 2671 820 2721 and
842 2672 894 2723 tice
916 2673 963 2722 the
985 2678 1172 2724 consummate
1201 2673 1264 2723 shlll
1287 2675 1361 2725 with

308 2751 369 2800 that
407 2750 497 2799 which
535 2748 660 2798 followed
700 2747 821 2798 Caesar's
842 2749 931 2799 which
949 2749 1052 2811 Cicero,
1066 2756 1095 2800 to
1104 2764 1186 2814 prove
1198 2750 1358 2814 Pompeius’

308 2828 389 2876 death
413 2827 439 2875 in
463 2826 502 2874 44.
843 2825 969 2875 fevorfor
977 2826 1052 2889 Milo,
1064 2841 1124 2876 uses
1133 2827 1179 2877 the
1188 2840 1250 2889 very
1261 2841 1360 2879 nicans

339 2902 402 2960 §fil
423 2901 524 2950 12-20.
552 2900 642 2949 iuria:
665 2900 748 2950 ease?
777 2900 822 2949 vf-
843 2903 932 2953 which
949 2905 1095 2966 Pompeius
1117 2903 1171 2953 hed
1192 2904 1309 2966 adopted
1328 2910 1361 2956 to

308 2978 460 3036 daretne
481 2976 564 3039 quid,
582 2982 648 3026 etc:
671 2991 714 3027 see
734 2991 759 3040 p.
779 2977 819 3038 37,
841 2980 916 3028 show
928 2980 970 3030 his
982 2980 1112 3042 hostility.

307 3053 376 3110 §aa
412 3053 702 3102 armati...uuliis
721 3052 820 3111 emis.
873 3055 1135 3119 26-29.cogere
1158 3060 1359 3108 ut...0on-

307 3145 323 3180 a
346 3131 479 3180 beautiful
506 3143 676 3192 oxymoron:
701 3135 821 3178 contrast
842 3132 1003 3191 demnetis,
1015 3148 1098 3184 arare
1107 3135 1293 3184 construction
1312 3135 1361 3186 for

307 3207 415 3256 thatin
437 3204 449 3263 l
470 3207 510 3256 68·
536 3206 575 3258 1⁷.
609 3205 692 3255 hunc
716 3212 821 3269 repeets
842 3224 936 3270 cocere
948 3211 1147 3262 condomare:
1160 3212 1203 3262 for
1214 3211 1260 3260 the
1272 3225 1360 3275 oppo

307 3283 478 3345 Pompeiam,
501 3282 520 3334 l.
539 3284 578 3344 12,
600 3283 672 3333 after
688 3283 735 3332 the
757 3282 821 3345 long
841 3286 892 3336 site
909 3285 943 3336 cf.
955 3287 1110 3350 relinquere
1128 3288 1264 3349 hortatur,
1283 3288 1357 3340 Sest.

306 3360 483 3423 parenthesis.
498 3361 820 3421 expectaturum
847 3363 872 3410 7.
889 3364 927 3413 28.
961 3363 1097 3412 animum
1112 3363 1294 3414 advertere:
1312 3365 1362 3416 for

306 3435 418 3486 fidisse:
435 3437 478 3486 for
492 3437 563 3486 form
580 3437 615 3486 cf.
630 3434 693 3492 547.
715 3436 757 3497 11;
774 3436 820 3484 the
840 3440 887 3489 the
905 3454 978 3490 ruore
989 3454 1115 3490 common
1132 3441 1285 3502 compouud
1298 3446 1360 3492 cni·

306 3515 421 3575 protasis
442 3514 463 3562 is
484 3515 511 3562 iu
533 3514 579 3562 the
599 3513 711 3562 relative
731 3511 820 3561 clause
840 3515 1008 3566 inadvertere
1030 3517 1084 3566 and
1106 3518 1149 3566 for
1168 3518 1204 3566 its
1226 3519 1361 3583 meaning

306 3589 523 3651 aurstein).
543 3626 549 3638 .
570 3589 710 3640 ‚tolleret
747 3600 820 3637 cou-
842 3593 919 3641 when
932 3592 1056 3642 followed
1071 3593 1105 3656 by
1117 3595 1147 3644 in
1164 3594 1231 3643 with
1247 3594 1296 3643 the
1312 3609 1360 3645 ac-

305 3665 379 3715 ferrf
398 3667 437 3724 in,
457 3681 486 3715 as
510 3668 538 3715 in
556 3667 624 3716 Sest.
647 3665 693 3714 40.
712 3666 740 3727 43
768 3665 817 3727 up.
840 3670 959 3718 cusative
979 3670 1013 3719 cf.
1039 3670 1061 3719 1.
1085 3669 1131 3719 30.
1155 3671 1193 3720 19.
1238 3673 1360 3731 praesi-

306 3742 386 3794 xv1.
398 3742 424 3791 8.
438 3745 491 3793 106.
840 3746 908 3795 dio:
921 3746 1005 3796 casei
1036 3745 1215 3797 hesternam
1232 3747 1360 3797 ocutio-

337 3820 402 3893 571.
421 3821 465 3872 22.
483 3819 576 3888 Quod
587 3827 733 3886 vernem.
763 3822 818 3879 No-
839 3835 923 3880 uem:
941 3821 1129 3887 senonim,
