2936 4376
458 271 538 327 car.
565 271 651 338 n-re,
676 272 690 339 e
713 273 801 329 aar.
1144 259 1206 330 311

151 464 234 515 xm.
259 448 315 515 Ab
331 448 571 535 Allobrogibus
588 450 796 514 nominatum
815 449 943 513 Sullam
959 471 1031 514 esse
1056 450 1149 517 dicis.
1166 455 1207 518 36

104 554 194 634 Quis
225 555 349 642 negat?
394 553 460 618 Sed
499 554 573 640 lege
604 553 766 618 indicium
797 567 832 618 et
862 553 950 630 vide,
981 577 1082 639 quem
1112 555 1154 620 ad

105 659 243 723 modum
267 659 458 724 nominatus
481 657 535 722 sit.
582 657 620 720 L.
648 657 801 722 Cassium
829 657 991 723 dixerunt
1016 683 1155 725 comme-

67 811 71 816 .
106 785 251 829 morasse
268 785 344 828 curu
360 763 481 828 ceteris
499 763 706 828 Autronium
721 784 835 827 secum
851 761 970 827 iacere.
1009 765 1153 844 Quaere,

64 905 67 918 ·
106 888 189 930 num
221 867 349 932 Sullam
373 866 497 930 dixerit
524 865 671 931 Cassius.
717 865 904 950 Nusquam.
951 866 1029 932 Sese
1060 870 1156 933 aiunt
1193 886 1208 929 a

106 971 279 1054 quaesisse
303 971 344 1036 de
362 971 487 1046 Cassio,
511 969 595 1055 qnid
620 969 716 1035 Sulla
740 971 890 1034 sentiret.
938 971 1060 1038 Videte
1083 971 1156 1037 dili-

105 1075 257 1160 gentiam
282 1074 476 1150 Gallorum3
501 1076 561 1160 qni
593 1076 699 1141 vitam
730 1074 902 1139 hominum
933 1084 1154 1162 naturamque

106 1200 176 1242 non
192 1186 329 1244 nossent
344 1201 383 1243 ac
405 1186 537 1244 tantum
559 1178 770 1244 audivissent
792 1198 848 1243 eos
872 1180 943 1263 pari
967 1181 1155 1246 calamitate

107 1305 193 1360 esse,
218 1285 471 1368 quaesiverunt,
501 1292 655 1350 essentne
686 1282 804 1349 eadem
831 1285 1016 1351 voluntate.
1062 1285 1156 1365 Quid

108 1395 183 1451 tum
208 1387 370 1452 Cassius?
417 1388 453 1452 Si
475 1388 701 1473 respondisset
724 1387 813 1453 idem
836 1391 961 1455 sentire
985 1399 1020 1455 et
1043 1412 1157 1456 secum
1181 1407 1209 1452 re

58 1526 61 1530 ·
109 1489 218 1555 iacere
243 1490 382 1567 Sullam,
409 1499 519 1556 tamen
544 1492 625 1555 mihi
650 1514 717 1557 non
743 1491 914 1558 videretur
945 1495 979 1558 in
1008 1495 1096 1559 hunc
1122 1495 1156 1558 id

109 1595 324 1659 criminosum
351 1617 422 1661 esse
454 1595 583 1661 debere.
630 1596 722 1675 Quid
762 1598 832 1662 ita?
881 1598 980 1677 Quia,
1005 1600 1064 1683 qui
1087 1598 1157 1662 bar-

111 1698 206 1764 baros
238 1700 386 1764 homines
428 1699 470 1764 ad
509 1701 635 1765 bellum
674 1701 871 1784 impelleret,
910 1724 975 1766 nou
1014 1702 1157 1768 debebat

111 1804 261 1868 minuere
289 1805 423 1868 illorum
452 1805 675 1890 suspicionem
704 1813 740 1869 et
765 1827 907 1893 purgare
924 1828 992 1883 eos,
1020 1807 1060 1872 de
1084 1809 1157 1892 qui-

111 1907 173 1972 bus
204 1908 253 1971 illi
280 1908 409 1993 aliquid
431 1910 593 1994 suspicari
618 1909 824 1974 viderentur.
882 1910 956 1975 Non
983 1911 1155 1996 respondit
1169 1914 1209 1977 37

111 2021 222 2077 tamen
254 2033 321 2076 una
352 2012 459 2078 faeere
497 2012 635 2077 Sullam.
684 2013 820 2078 Etenim
850 2023 939 2080 esset
963 2015 1156 2092 absurdum,
1181 2031 1210 2075 16

111 2137 188 2180 cunr
211 2123 339 2182 ceteros
358 2138 419 2180 sua
441 2124 560 2201 sponte
584 2118 798 2193 nominasset,
817 2119 1021 2183 mentionem
1047 2117 1156 2184 iacere

112 2214 225 2281 Sullae
247 2217 381 2280 nullam
411 2217 476 2281 nisi
506 2217 715 2282 admonitum
746 2226 781 2283 et
804 2219 1067 2305 interrogatum
1092 2219 1158 2283 uisi

112 2319 198 2385 forte
230 2322 300 2386 veri
330 2321 438 2387 simile
476 2329 528 2386 est
560 2320 597 2384 P.
630 2320 743 2385 Sullae
783 2343 904 2386 nomen
936 2323 968 2384 in
1001 2323 1158 2387 memoria

113 2425 228 2490 Cassio
260 2447 327 2491 non
359 2425 473 2492 fnisse.
520 2425 556 2490 Si
587 2425 743 2490 nobilitas
775 2425 928 2502 hominis,
960 2427 988 2490 si
1026 2425 1160 2491 adflicta
1182 2441 1212 2487 ao

145 2595 210 2656 §aa
229 2593 290 2642 1-5.
308 2593 361 2643 Ab
392 2593 624 2656 Allobrogibus.
650 2595 743 2645 Cicero
762 2596 819 2645 first
837 2596 925 2646 shows
945 2597 1005 2645 that
1024 2595 1092 2644 little
1114 2596 1161 2644 im-

113 2672 143 2721 P.
156 2671 196 2732 34,
210 2672 239 2732 ἐξ
251 2672 290 2731 58,
304 2672 343 2721 59.
377 2670 445 2733 lege
461 2671 625 2729 indicium:
649 2677 776 2732 portance
792 2672 876 2733 ought
895 2677 922 2720 to
939 2671 972 2720 be
989 2670 1114 2719 attached
1132 2676 1161 2720 to

113 2761 156 2796 see
173 2761 208 2795 on
228 2747 279 2797 111.
299 2746 344 2794 11.
359 2747 398 2796 24.
434 2746 464 2795 1..
477 2744 625 2802 Casium,
648 2748 780 2810 anythlng
802 2748 859 2797 said
886 2748 992 2809 against
1021 2747 1097 2797 Sulla
1126 2747 1161 2809 by

113 2823 191 2886 p.32,
210 2820 222 2878 i
240 2825 272 2872 54
288 2824 342 2873 and
365 2827 430 2873 note
449 2837 485 2873 on
507 2823 624 2872 111.14.
648 2823 766 2885 Cassius,
791 2825 870 2873 while
899 2825 1022 2886 working
1049 2838 1084 2872 on
1114 2824 1161 2872 the

114 2900 151 2949 18.
187 2911 258 2947 cum
271 2901 392 2957 ceteris,
403 2900 452 2949 the
470 2901 624 2962 prominent
647 2899 740 2950 Gauls.

113 2990 175 3024 men
193 2977 283 3026 whose
305 2991 397 3027 names
420 2978 454 3027 he
477 2977 530 3026 had
551 2991 624 3026 men·
679 2976 743 3038 §aa
763 2975 863 3027 16—20.
882 2989 943 3025 una
980 2975 1116 3025 iecere
1132 2999 1157 3024 -.·

114 3053 213 3102 tioned.
248 3065 363 3110 seeum,
375 3055 421 3103 the
433 3054 622 3114 conspirators,
647 3053 845 3113 aecumsacere,
856 3054 916 3114 §aa
931 3055 966 3114 10,
977 3055 999 3102 4.
1030 3052 1159 3109 Etenim,

114 3129 181 3178 rank
203 3130 256 3179 and
274 3129 329 3191 file3
352 3130 461 3180 Cassius
484 3130 537 3178 had
554 3130 624 3178 said:
649 3128 717 3179 ‘and
730 3130 844 3179 indeed)
880 3130 941 3177 nisi
959 3129 1160 3186 admonitum,

115 3207 181 3257 Cum
201 3210 298 3258 ceteris
317 3207 471 3258 Autronius
488 3208 625 3258 nobiscum
647 3211 712 3255 etc:
730 3221 773 3256 see
790 3221 825 3256 on
845 3205 895 3256 IV.
913 3204 958 3254 23.
970 3207 998 3267 9;
1016 3206 1062 3254 the
1080 3205 1162 3268 parti-

115 3283 199 3344 sccit.
233 3284 410 3346 Nusquam:
438 3297 482 3333 sce
499 3297 534 3332 on
553 3285 565 3344 t
583 3283 622 3332 34.
647 3282 730 3344 ciples
742 3295 820 3346 agree
833 3283 898 3332 with
917 3283 962 3330 the
980 3280 1161 3342 nnexpressed

116 3361 152 3420 12,
182 3360 235 3409 and
264 3360 311 3410 tell
339 3361 413 3410 what
443 3360 568 3422 question
605 3360 626 3408 it
648 3359 752 3422 sthect
780 3359 809 3407 oi
829 3359 935 3418 secere.
981 3357 1041 3405 nisi
1065 3356 1160 3406 lorte:

115 3449 230 3485 answers
243 3437 314 3486 here.
648 3449 692 3484 see
710 3449 745 3484 on
765 3434 814 3485 IV.
835 3434 880 3483 21.
898 3434 941 3496 243
962 3434 1008 3482 the
1028 3438 1081 3482 two
1101 3447 1161 3482 uses

145 3511 226 3561 6-10.
243 3511 443 3574 diligentiam,
468 3511 627 3562 ‘circum-
648 3513 677 3560 oi
705 3513 759 3561 rusi
787 3525 831 3560 ere
863 3509 1051 3573 unpleasantly
1079 3509 1158 3559 close.

115 3587 254 3650 spection’
290 3588 459 3650 qui=cum
476 3589 506 3648 ii,
523 3603 552 3638 so
569 3587 627 3638 also
650 3585 788 3636 Sullae
821 3599 942 3643 nomen,
978 3587 1020 3634 ior
1057 3585 1160 3635 Sullam

115 3665 142 3714 in
169 3664 187 3714 l.
214 3665 251 3714 12.
297 3676 347 3714 ao:
375 3666 409 3714 ci.
440 3668 475 3726 et,
501 3665 515 3726 ς
537 3665 577 3714 21.
601 3666 624 3714 3.
651 3679 762 3714 nomen:
782 3663 816 3712 ci.
838 3664 907 3712 Mur.
929 3662 977 3712 6⁷.
996 3665 1019 3722 2,
1041 3663 1095 3710 and
1116 3675 1161 3710 ex-

116 3738 292 3788 cessius:
315 3754 351 3790 sc.
376 3741 524 3802 respondit.
569 3741 627 3790 The
650 3741 724 3803 plain
738 3741 785 3790 the
802 3741 928 3803 genitive.
963 3739 995 3786 in
1012 3738 1161 3788 memoria

115 3829 218 3867 answer
229 3817 251 3867 is
263 3821 311 3867 not
327 3817 408 3882 given
423 3817 495 3868 until
506 3817 520 3880 ξ
533 3815 572 3868 38.
586 3817 627 3868 33.
651 3815 766 3875 Cassio,
775 3821 838 3879 ete,
850 3816 858 3840 ‘
868 3815 929 3866 that
937 3814 1046 3866 Cassius
1058 3814 1103 3866 did
1113 3818 1160 3866 not
