2954 4374
534 337 613 389 cnr.
637 335 694 399 3-1,
718 334 731 393 t
753 336 808 386 6-8.
1177 319 1240 386 259

142 511 312 598 intellegit
327 517 469 575 mortem
483 509 526 575 ab
541 509 591 574 dis
609 506 842 572 inmortalibus
860 528 926 571 non
943 527 1014 572 esse
1031 507 1187 591 supplicii

142 635 242 680 causa
268 615 497 689 constitutam,
522 612 582 677 sed
608 620 669 676 aut
695 612 929 676 necessitatem
958 619 1097 675 naturae
1127 619 1188 676 eut

141 719 291 784 laborum
307 739 345 783 ac
362 719 569 783 miseriarum
587 718 735 802 quietem
751 737 832 781 esse.
879 715 999 800 ltaque
1016 736 1088 780 eam
1104 717 1189 800 sepi-

141 831 235 888 entes
266 843 450 908 numquam
480 823 590 898 inviti,
622 821 725 886 fortes
758 841 857 904 saepe
896 820 996 886 etiam
1035 818 1189 884 lubenter
1212 837 1240 882 1e

141 929 388 1013 oppetiverunt.
434 925 583 991 Vincula
613 947 701 1001 vero,
729 933 764 990 et
791 945 829 990 ea
856 925 1068 1009 sempiterna,
1096 931 1185 988 certe

140 1032 182 1096 ad
205 1031 410 1118 singularem
439 1051 580 1116 poenam
606 1029 726 1094 nefarii
756 1030 892 1094 sceleris
925 1029 1064 1093 inventa
1093 1037 1183 1093 sunt.

141 1135 336 1220 Municipiis
365 1134 533 1219 dispertiri
565 1132 668 1198 iubet.
716 1131 848 1198 Habere
877 1131 1011 1197 videtur
1040 1133 1105 1196 ista
1134 1155 1185 1198 res

139 1241 362 1325 iniquitatem,
379 1239 408 1304 si
434 1240 596 1324 imperare
624 1238 718 1314 velis,
742 1236 988 1312 difficultatem,
1004 1237 1032 1300 si
1060 1257 1184 1322 rogare.

140 1344 349 1408 Decernatur
371 1350 494 1420 tamen,
510 1342 540 1407 si
562 1342 682 1427 placet.
729 1341 801 1427 Ego
826 1341 916 1406 enim
939 1340 1118 1424 suscipiam
1141 1344 1217 1417 et‚8

141 1455 180 1511 ut
194 1467 300 1531 spero,
317 1447 488 1531 reperiam,
504 1447 565 1531 qui
587 1445 632 1522 id,
648 1445 741 1531 quod
763 1445 882 1509 salutis
911 1445 1061 1508 emnium
1087 1465 1187 1509 causa
1208 1461 1237 1506 21
1287 1449 1289 1454 '

139 1551 333 1626 statueritis,
356 1571 424 1614 non
450 1558 573 1636 putent
601 1571 672 1616 esse
704 1571 783 1614 suae
816 1548 990 1635 dignitatis
1021 1569 1184 1613 recusare.

140 1653 311 1740 Adiungit
325 1675 462 1740 gravem
477 1675 618 1739 poenam
633 1654 834 1738 municipiis
847 1654 875 1717 si
893 1654 968 1737 quis
985 1674 1099 1718 eorum
1118 1655 1188 1716 vin·

140 1755 216 1818 cula
230 1755 377 1838 ruperit3
401 1753 573 1820 horribiles
596 1753 767 1818 custodias
791 1751 979 1818 circumdat
1006 1762 1041 1817 et
1068 1752 1185 1839 dignes

139 1858 262 1924 scelere
289 1857 463 1922 hominum
488 1857 716 1943 perditorum
753 1859 871 1934 sancit,
896 1877 938 1922 ne
966 1857 1042 1942 quis
1073 1872 1239 1921 eoi-umet

140 1983 289 2049 poenam,
300 1983 385 2048 quos
398 1961 608 2038 condemnat,
620 1970 680 2027 aut
695 1983 754 2048 per
767 1969 923 2027 senatum
940 1969 999 2025 aut
1011 1983 1070 2046 per
1084 1983 1186 2046 popu-

139 2067 211 2130 lum
226 2066 337 2131 levare
352 2067 477 2151 possit;
500 2067 602 2152 eripit
616 2067 716 2132 etiam
733 2088 836 2150 spem,
848 2087 934 2150 qnae
950 2065 1021 2130 sola
1036 2065 1185 2130 homines

139 2171 175 2233 in
202 2170 342 2234 miseriis
369 2170 533 2234 consolari
557 2171 653 2235 solet.
699 2170 795 2234 Bona
825 2177 995 2254 praeterea
1024 2169 1185 2254 publicari

140 2273 243 2352 iubet,
261 2275 365 2338 vitam
379 2273 484 2338 solam
507 2274 669 2360 relinquit
691 2273 826 2338 nefariis
850 2273 1061 2348 hominibus3
1086 2296 1184 2359 qnam

139 2379 169 2443 si
184 2379 370 2464 eripuisset,
384 2378 509 2444 multos
525 2399 592 2442 una
604 2377 735 2442 dolores
752 2378 855 2442 animi
870 2386 973 2463 atque
990 2379 1136 2462 corporis
1153 2389 1187 2443 et
1209 2393 1239 2438 30

141 2484 248 2548 omnis
275 2483 439 2548 scelerum
463 2503 588 2568 poenas
611 2482 800 2547 ademisset.
857 2481 979 2567 Itaque
1008 2490 1047 2547 ut
1072 2483 1187 2568 aliqua

172 2717 218 2766 12.
235 2719 374 2775 mortem,
403 2721 453 2766 etc.
499 2717 559 2767 The
586 2717 654 2767 view
675 2716 775 2767 Caesar
801 2729 852 2765 nor
882 2717 930 2765 the
965 2721 1058 2766 senate
1090 2717 1112 2766 is
1144 2715 1190 2766 ad-

141 2795 202 2844 that
218 2794 301 2844 death
314 2807 368 2844 nas
384 2795 472 2844 either
483 2795 529 2844 the
546 2793 653 2843 natural
673 2792 788 2842 dressed.
824 2792 1033 2842 Decernatur:
1051 2793 1094 2842 for
1109 2793 1189 2842 mood

142 2872 192 2921 end
205 2885 331 2920 common
343 2877 372 2921 to
383 2871 418 2920 all
431 2885 504 2933 men,
517 2885 548 2921 or
556 2871 654 2934 sought
673 2869 707 2918 ct.
737 2869 875 2928 subeatur,
904 2870 919 2931 §
944 2871 967 2920 2.
999 2871 1038 2919 28.
1084 2873 1189 2918 tamen

141 2949 176 3011 by
198 2947 363 2997 individuale
386 2946 453 3009 (te,
477 2946 603 3009 anteidea)
626 2953 655 2996 to
674 2945 756 2996 relers
787 2951 818 2996 to
851 2945 1039 3009 difficultatem
1067 2947 1121 2996 and
1150 2949 1190 2996 tn·

141 3038 236 3086 escape
248 3025 295 3073 the
310 3029 415 3086 greater
425 3023 468 3074 ills
485 3023 515 3075 oi
531 3024 587 3085 lite,
601 3037 654 3074 was
673 3024 827 3086 lenitatem,
847 3022 864 3073 l.
886 3024 929 3074 19:
947 3022 994 3074 ‘ln
1006 3024 1076 3086 spite
1087 3024 1117 3072 oi
1134 3024 1189 3072 this

141 3101 204 3151 held
213 3101 249 3163 by
258 3102 304 3150 the
314 3101 489 3163 Epicuream,
499 3114 515 3151 a
524 3101 615 3151 school
627 3101 656 3150 oi
674 3099 750 3150 teet!

142 3177 305 3241 philosophy
326 3181 356 3227 tc
377 3177 468 3227 which
490 3177 590 3228 Caesar
610 3177 656 3227 ad·
706 3173 752 3232 te.
772 3174 816 3224 22.
834 3173 1009 3237 dignitatis:
1023 3176 1141 3236 forense,
1155 3174 1186 3224 A.

141 3254 231 3304 hered.
268 3253 540 3317 cf.uxc.111.§20.
675 3253 752 3304 214d
762 3253 817 3322 gc.
831 3253 1010 3315 adamati
1022 3253 1072 3315 fln;
1091 3255 1126 3302 H.
1141 3255 1187 3302 401

173 3329 277 3380 16-18.
295 3332 329 3379 et
350 3341 401 3382 ee:
429 3330 465 3381 cf.
488 3330 541 3382 111.
566 3331 611 3380 21.
631 3330 654 3384 i.
675 3331 862 3393 taureas.
885 3329 967 3381 What
981 3331 1004 3380 is
1025 3331 1072 3380 the
1084 3329 1189 3391 subject

142 3405 324 3469 Municipiie
341 3441 348 3456 .
364 3442 370 3456 .
390 3442 396 3456 .
412 3405 515 3458 lubet:
532 3421 576 3457 see
588 3408 653 3457 Exc.
675 3409 704 3456 ot
716 3407 796 3456 esee?

143 3483 195 3532 III.
220 3481 290 3544 543.
325 3480 457 3540 Habere,
480 3496 510 3532 aa
533 3483 561 3532 in
584 3485 653 3533 Mur.
707 3483 752 3541 25,
761 3483 808 3534 26.
828 3481 1093 3544 sancit,‘ordains,'
1104 3483 1190 3532 under

143 3556 170 3618 §l
181 3557 221 3620 st,
235 3559 266 3607 28
282 3557 337 3606 and
353 3559 398 3620 263
414 3558 453 3607 68.
467 3558 495 3620 ὃς
514 3560 551 3608 12.
567 3560 610 3622 19;
627 3560 655 3607 in
677 3559 814 3622 penalties.
850 3571 964 3616 eorum,
977 3565 1025 3609 not
1043 3561 1189 3622 partitive:

142 3634 198 3683 this
214 3647 292 3684 sense
311 3632 387 3683 often
408 3635 599 3697 accompanied
621 3635 656 3697 by
676 3637 774 3684 howin
786 3635 802 3684 l.
814 3636 868 3685 23?
902 3638 1186 3698 pereenetum,etc.‚

143 3711 172 3758 in
189 3724 224 3759 se.
677 3714 729 3771 i.e.‚
743 3712 831 3760 either
841 3712 876 3774 by
887 3726 923 3761 an
940 3712 1079 3762 executive
1096 3713 1189 3761 deeree

175 3785 221 3844 19,
232 3787 278 3835 20.
294 3787 390 3836 velie:
408 3788 450 3836 ior
461 3787 541 3837 mood
559 3801 603 3837 see
621 3802 656 3836 on
678 3787 732 3850 (see
744 3801 781 3837 on
794 3787 815 3838 Ι.
826 3786 852 3835 3.
864 3787 906 3851 30)
919 3787 1017 3850 orbya
1029 3787 1126 3838 formal
1139 3787 1190 3838 law

144 3859 214 3912 Mur.
226 3861 251 3909 ⁷.
260 3863 301 3924 31,
313 3863 367 3912 end
379 3864 468 3913 notice
479 3865 539 3913 that
551 3865 658 3915 neither
676 3863 771 3926 passed
783 3863 875 3927 hythe
887 3865 1007 3915 comitia.
