2876 4378
392 359 474 418 ese.
499 358 587 427 uss,
611 359 624 424 s
649 359 757 416 rec-:n
1092 341 1158 416 589

48 536 202 626 quadam
217 538 384 628 gravitate
400 536 545 614 dicendi,
562 558 639 602 oum
662 536 718 602 ille
734 536 843 600 amnis
867 557 970 622 prope
992 534 1035 602 ab
1058 535 1106 601 in·

48 641 135 709 feris
163 650 335 710 evocasset
353 641 512 707 Metellos
536 650 571 706 et
592 641 636 706 ad
658 639 751 704 illius
767 641 909 727 generis,
927 640 1020 725 quod
1041 639 1105 706 sibi

49 767 134 813 cum
171 770 211 814 eo
249 767 424 812 commune
463 754 563 821 esset,
594 744 797 832 dignitatem
834 745 1016 832 propinqui
1052 745 1106 810 sui
1128 757 1159 808 15

49 859 203 918 mentem
219 872 239 916 a
254 850 427 916 Clodianis
443 845 629 914 latrociniis
644 847 841 924 reflexisset,
859 869 1003 933 cumque
1026 869 1105 915 eum

50 955 98 1020 ad
123 955 299 1022 domestici
322 954 467 1040 exempli
492 954 684 1020 memoriam
701 961 736 1018 et
758 951 801 1017 ad
817 952 988 1018 Numidici
1012 953 1105 1022 illius

52 1059 190 1125 Metelli
215 1081 329 1126 casum
344 1059 401 1126 vel
427 1059 611 1146 gloriosum
635 1059 689 1124 vel
713 1059 851 1144 gravem
876 1058 1107 1137 convertisset,

52 1162 322 1230 conlacrumavit
338 1164 391 1228 vir
406 1163 562 1250 egregius
586 1183 624 1226 ac
641 1183 719 1227 vere
743 1161 904 1226 Metellus
927 1168 1105 1250 totumque

51 1289 90 1333 se
119 1267 159 1331 P.
185 1267 328 1334 Servilio
361 1266 487 1332 fficcnti
515 1267 616 1332 etiam
648 1274 721 1331 tum
753 1265 902 1342 tradidit,
928 1287 989 1331 nec
1015 1267 1107 1332 illam
1129 1283 1160 1331 ao

53 1370 205 1437 divinam
228 1371 427 1459 gravitatem
454 1371 588 1457 plenam
617 1371 831 1455 antiquitatis
855 1369 984 1435 diutius
1007 1370 1121 1459 homo·

53 1474 207 1540 eiusdem
231 1476 406 1562 sanguinis
432 1475 545 1560 potuit
568 1475 733 1538 sustinere
760 1480 795 1538 et
825 1472 956 1538 mecum
987 1473 1106 1541 absens

54 1578 219 1646 beneficio
248 1599 310 1646 suo
340 1579 441 1645 rediit
470 1580 507 1642 iu
538 1579 690 1666 gratiam.
738 1577 840 1656 Quod
870 1585 971 1654 certe,
994 1579 1023 1643 si
1046 1587 1099 1644 est
1125 1577 1179 1641 131

55 1685 163 1770 aliqui
200 1705 319 1751 sensus
349 1685 384 1748 in
419 1691 525 1750 morte
558 1684 802 1769 praeclarorum
835 1683 995 1759 virorum,
1028 1705 1104 1749 cum

56 1788 212 1854 omnibus
242 1788 401 1864 Metellis,
433 1797 507 1854 tum
538 1808 618 1853 vero
652 1788 712 1851 uni
743 1788 816 1852 viro
854 1784 1037 1852 fortissimo
1074 1795 1110 1852 et
1130 1808 1160 1855 aa

62 1894 342 1978 praestantissimo
359 1893 425 1957 civi
444 1893 684 1979 gratissimum,
701 1890 796 1955 fratri
820 1911 892 1967 suo,
911 1888 1004 1968 fecit,
1020 1892 1110 1957 socio

62 1995 220 2076 laborum,
237 1997 472 2082 periculorum,
489 1996 706 2061 consiliorum
723 2017 886 2060 meorum.

101 2119 206 2166 Lxm.
239 2102 380 2167 Reditus
402 2123 482 2167 vero
507 2122 601 2167 meus
629 2101 688 2186 qui
712 2099 826 2176 fuerit,
850 2099 926 2186 quis
949 2100 1105 2186 ignorat?

59 2206 214 2292 quemad
227 2207 363 2271 modum
378 2207 459 2271 mihi
476 2206 669 2271 advenienti
683 2214 855 2290 tamquam
868 2205 972 2270 totius
985 2204 1104 2272 Italiae

59 2319 160 2396 atque
187 2311 293 2395 ipsius
320 2312 447 2396 patriae
473 2310 624 2376 dextram
658 2311 869 2396 porrexerint
900 2308 1106 2386 Brundisini,

59 2523 101 2574 sul
113 2523 141 2574 ln
154 2523 193 2585 79,
207 2524 362 2587 triumphet]
381 2525 410 2575 ln
427 2524 466 2585 74,
480 2538 531 2572 one
543 2523 573 2572 of
597 2523 698 2573 death.’
734 2535 820 2573 cum:
849 2523 884 2573 cf.
905 2523 959 2572 130.
979 2524 1022 2585 11;
1044 2523 1109 2573 herc

59 2603 107 2651 tire
122 2601 210 2664 iurors
227 2602 257 2650 in
275 2602 322 2650 the
339 2615 399 2652 case
416 2602 446 2650 of
462 2600 570 2660 Verres,
597 2600 619 2650 it
631 2601 705 2663 gives
715 2614 748 2650 us
760 2599 976 2661 thelmpression
989 2599 1050 2648 that
1061 2599 1109 2650 tire

59 2677 98 2730 ΤΟ.
596 2676 687 2726 dative
696 2677 818 2727 omnibus
829 2678 850 2726 is
860 2690 894 2724 un
904 2675 956 2726 abl.
983 2675 1108 2725 unitor·

91 2752 191 2802 15-23.
204 2765 275 2803 cum
283 2765 322 2803 eo
329 2764 500 2810 commune,
508 2752 571 2802 with
596 2752 734 2802 tissime:
752 2753 795 2803 ior
813 2754 886 2802 force
904 2752 933 2801 of
951 2752 1000 2801 uni
1014 2765 1058 2801 see
1072 2765 1108 2801 on

60 2829 573 2887 tireconsulMetellus,asServiliuswas
597 2829 651 2878 111.
660 2828 753 2879 2⁵..31.
777 2827 866 2877 fratri
877 2840 943 2878 suo.
971 2827 1109 2888 Q.Metel-

60 2907 108 2956 the
118 2907 253 2968 grandson
265 2906 295 2954 oi
306 2905 338 2966 Q.
349 2905 475 2955 Metellus
484 2907 572 2954 Mace·
597 2904 638 2954 lus
650 2904 735 2966 Celer,
749 2905 810 2954 who
821 2905 875 2954 had
887 2904 999 2954 assisted
1016 2903 1109 2953 Cicero

47 2982 182 3037 donicus,
194 2982 249 3031 and
262 2982 347 3031 hence
358 2982 406 3031 the
418 2980 510 3031 consul
519 2995 572 3029 was
596 2982 703 3043 against
720 2981 839 3030 Catilina
857 2982 884 3029 in
902 2981 946 3030 63:
963 2993 1008 3029 see
1027 2978 1108 3030 1.19.

61 3059 104 3107 his
119 3057 231 3108 relative
249 3058 430 3121 (propinqui).
465 3056 572 3105 Numl-
598 3059 639 3118 10;
663 3057 700 3106 II.
728 3057 753 3104 5.
777 3056 805 3118 3;
832 3054 877 3104 26.
902 3058 944 3118 10;
967 3056 1032 3106 Sull.
1060 3053 1106 3104 6⁵.

62 3134 138 3184 dici:
155 3135 189 3185 cf.
204 3135 230 3196 ξς
244 3135 298 3185 101.
314 3135 356 3197 153
368 3131 407 3185 st.
422 3133 460 3183 11.
473 3133 572 3182 illius:
598 3135 639 3194 113
658 3147 710 3182 was
722 3132 816 3182 consul
835 3134 862 3181 in
874 3134 917 3182 60:
934 3146 977 3181 see
989 3133 1039 3194 Ep.
1053 3131 1105 3183 IV.

62 3212 189 3276 meaning
200 3211 294 3261 witha
311 3224 409 3273 proper
418 3210 510 3260 noun?
527 3210 568 3260 cf.
596 3209 622 3258 5.
643 3209 688 3270 dih
710 3209 771 3258 died
795 3208 925 3271 suddenly
944 3208 971 3257 in
993 3209 1033 3269 59,
1052 3208 1109 3271 pol·

62 3287 112 3338 IV.
125 3287 170 3336 21.
184 3286 226 3350 133
244 3287 314 3336 Mur.
330 3285 376 3336 66.
393 3287 433 3336 26.
468 3285 572 3336 conla-
596 3286 688 3347 soned,
699 3286 721 3334 it
732 3299 788 3335 was
799 3285 866 3344 said,
879 3285 912 3347 by
925 3285 968 3334 his
981 3285 1051 3346 wife,
1061 3284 1109 3334 the

63 3364 222 3421 crumavit,
239 3368 269 3413 to
286 3364 319 3413 be
335 3364 419 3413 taken
436 3362 573 3425 literelly?
597 3360 676 3410 sister
686 3361 715 3410 oi
727 3360 845 3411 Clodius.

63 3441 112 3489 See
126 3453 162 3488 on
178 3437 243 3495 §td
255 3439 295 3488 20.
329 3449 404 3487 vere
416 3435 572 3494 Metellus,

65 3515 97 3564 ‘a
112 3521 170 3564 true
181 3513 325 3564 'Metellus’
361 3513 572 3575 antiquitatis:
628 3512 654 3561 1.
668 3512 803 3562 Reditus
822 3549 847 3561 ..
870 3549 876 3562 .
896 3511 1004 3562 fuerit:
1023 3516 1106 3562 trans.

64 3592 172 3653 sceon§
184 3592 206 3641 a
218 3591 242 3641 8.
278 3589 406 3639 absens:
418 3590 446 3638 in
458 3588 573 3652 English
597 3589 644 3638 the
663 3590 717 3639 ind.
739 3591 862 3652 question
882 3589 917 3651 by
934 3603 952 3638 a
969 3602 1055 3637 noun:
1071 3588 1106 3638 ci.

66 3681 104 3717 we
118 3666 214 3717 should
230 3672 346 3716 connect
362 3666 430 3716 with
444 3679 493 3715 mc.
527 3676 573 3714 re·
598 3665 695 3726 §512't
710 3665 936 3726 amintas.
966 3663 1043 3714 With
1053 3664 1109 3712 this

65 3743 123 3792 dlit
137 3743 170 3792 ln
186 3743 322 3805 gratiam,
340 3742 467 3792 ‘became
482 3755 574 3790 recon-
598 3740 761 3803 description
779 3741 809 3790 of
832 3741 875 3790 his
892 3746 986 3789 return
1013 3739 1109 3789 should

64 3818 149 3881 culed?
162 3819 203 3871 lit.
218 3819 311 3870 ‘came
324 3819 392 3869 back
404 3819 463 3868 into
474 3815 571 3867 favor)
597 3816 630 3865 be
641 3815 771 3879 carefnily
779 3816 921 3878 compared
934 3817 984 3878 Ep.
998 3813 1108 3866 xxm.

96 3892 174 3955 5131.
190 3893 292 3946 242&
309 3895 342 3944 in
353 3895 462 3953 morte,
486 3891 574 3944 ‘aiter
598 3891 628 3956 §i
639 3893 663 3956 4,
676 3893 700 3943 5.
